{"exchange":"bybit","instance_id":"B","symbol":"BTC-USD","event_ts":1762349854.79,"seq":55837172,"depth":{"last_seq":55837172,"bids":[[102430.9,0.370482],[102430.4,0.041097],[102429.8,0.000908],[102425.8,0.100308],[102425.7,0.048804],[102425.6,0.001],[102425.1,0.097645],[102424.8,0.099053],[102424.7,0.08],[102424.5,0.008938],[102423.3,0.0006],[102421.3,0.033159],[102420.9,0.000908],[102420.7,0.0005],[102419.9,0.0015],[102419.3,0.0006],[102419.1,0.000908],[102418.5,0.097651],[102418.2,0.004842],[102417.7,0.01]],"asks":[[102431.0,1.113347],[102431.7,0.069452],[102431.8,0.007834],[102433.0,0.043886],[102434.2,0.051776],[102435.7,0.001048],[102436.1,0.0005],[102436.5,7.4e-05],[102436.7,0.001],[102437.2,0.101484],[102437.3,0.024405],[102437.5,0.097633],[102437.7,0.004514],[102439.8,0.001141],[102439.9,0.119007],[102440.0,0.097631],[102440.9,0.001048],[102441.1,0.048808],[102441.6,0.097629],[102442.4,0.0005]]},"raw":{}}
{"exchange":"bybit","instance_id":"B","symbol":"BTC-USD","event_ts":1762349854.829,"seq":55837173,"depth":{"last_seq":55837173,"bids":[[102430.9,0.407982],[102430.4,0.041097],[102429.8,0.000908],[102425.8,0.100308],[102425.7,0.048804],[102425.6,0.001],[102425.1,0.097645],[102424.8,0.099053],[102424.7,0.08],[102424.5,0.008938],[102423.3,0.0006],[102421.3,0.033159],[102420.9,0.000908],[102420.7,0.0005],[102419.9,0.0015],[102419.3,0.0006],[102419.1,0.000908],[102418.5,0.097651],[102418.2,0.004842],[102417.7,0.01]],"asks":[[102431.0,1.108466],[102431.7,0.069452],[102431.8,0.007834],[102433.0,0.043886],[102434.2,0.051776],[102435.7,0.001048],[102436.1,0.0005],[102436.5,7.4e-05],[102436.7,0.001],[102437.2,0.101484],[102437.3,0.024405],[102437.5,0.097633],[102437.7,0.004514],[102439.8,0.001141],[102439.9,0.119007],[102440.0,0.097631],[102440.9,0.001048],[102441.1,0.048808],[102441.6,0.097629],[102442.4,0.0005]]},"raw":{}}
{"exchange":"bybit","instance_id":"B","symbol":"BTC-USD","event_ts":1762349854.85,"seq":55837174,"depth":{"last_seq":55837174,"bids":[[102430.9,0.419082],[102430.4,0.041097],[102429.8,0.000908],[102425.8,0.100308],[102425.7,0.048804],[102425.6,0.001],[102425.1,0.097645],[102424.8,0.099053],[102424.7,0.08],[102424.5,0.008938],[102423.3,0.0006],[102421.3,0.033159],[102420.9,0.000908],[102420.7,0.0005],[102419.9,0.0015],[102419.3,0.0006],[102419.1,0.000908],[102418.5,0.097651],[102418.2,0.004842],[102417.7,0.01]],"asks":[[102431.0,1.068703],[102431.7,0.069452],[102431.8,0.017597],[102433.0,0.043886],[102434.2,0.051776],[102435.7,0.001048],[102436.1,0.0005],[102436.5,7.4e-05],[102436.7,0.001],[102437.2,0.101484],[102437.3,0.024405],[102437.5,0.097633],[102437.7,0.004514],[102439.8,0.001141],[102439.9,0.119007],[102440.0,0.097631],[102440.9,0.001048],[102441.1,0.048808],[102441.6,0.097629],[102442.4,0.0005]]},"raw":{}}
{"exchange":"bybit","instance_id":"B","symbol":"BTC-USD","event_ts":1762349854.869,"seq":55837175,"depth":{"last_seq":55837175,"bids":[[102430.9,0.419082],[102430.4,0.041097],[102429.8,0.000908],[102425.8,0.100308],[102425.7,0.048804],[102425.6,0.001],[102425.1,0.097645],[102424.8,0.099053],[102424.7,0.08],[102424.5,0.008938],[102423.3,0.0006],[102421.3,0.033159],[102420.9,0.000908],[102420.7,0.0005],[102419.9,0.0015],[102419.3,0.0006],[102419.1,0.000908],[102418.5,0.097651],[102418.2,0.004842],[102417.7,0.01]],"asks":[[102431.0,1.036403],[102431.7,0.069452],[102431.8,0.007834],[102433.0,0.043886],[102434.2,0.051776],[102435.7,0.001048],[102436.1,0.0005],[102436.5,7.4e-05],[102436.7,0.001],[102437.2,0.101484],[102437.3,0.024405],[102437.5,0.097633],[102437.7,0.004514],[102439.8,0.001141],[102439.9,0.119007],[102440.0,0.097631],[102440.9,0.001048],[102441.1,0.048808],[102441.6,0.097629],[102442.4,0.0005]]},"raw":{}}
{"exchange":"bybit","instance_id":"B","symbol":"BTC-USD","event_ts":1762349854.89,"seq":55837176,"depth":{"last_seq":55837176,"bids":[[102430.9,0.419082],[102430.4,0.041097],[102429.8,0.000908],[102425.8,0.100308],[102425.7,0.048804],[102425.6,0.001],[102425.1,0.097645],[102424.8,0.099053],[102424.7,0.08],[102424.5,0.008938],[102423.3,0.0006],[102421.3,0.033159],[102420.9,0.000908],[102420.7,0.0005],[102419.9,0.0015],[102419.3,0.0006],[102419.1,0.000908],[102418.5,0.097651],[102418.2,0.004842],[102417.7,0.01]],"asks":[[102431.0,0.981412],[102431.7,0.069452],[102431.8,0.007834],[102433.0,0.043886],[102434.2,0.051776],[102435.7,0.001048],[102436.1,0.0005],[102436.5,7.4e-05],[102436.7,0.001],[102437.2,0.101484],[102437.3,0.024405],[102437.5,0.097633],[102437.7,0.004514],[102439.8,0.001141],[102439.9,0.119007],[102440.0,0.097631],[102440.9,0.001048],[102441.1,0.048808],[102441.6,0.097629],[102442.4,0.0005]]},"raw":{}}
{"exchange":"bybit","instance_id":"B","symbol":"BTC-USD","event_ts":1762349854.909,"seq":55837177,"depth":{"last_seq":55837177,"bids":[[102430.9,0.419082],[102430.4,0.041097],[102429.8,0.000908],[102425.8,0.100308],[102425.7,0.048804],[102425.6,0.001],[102425.1,0.097645],[102424.8,0.099053],[102424.7,0.08],[102424.5,0.008938],[102423.3,0.0006],[102421.3,0.033159],[102420.9,0.000908],[102420.7,0.0005],[102419.9,0.0015],[102419.3,0.0006],[102419.1,0.000908],[102418.5,0.097651],[102418.2,0.004842],[102417.7,0.01]],"asks":[[102431.0,0.981412],[102431.7,0.069452],[102431.8,0.007834],[102433.0,0.043886],[102434.2,0.051776],[102435.7,0.001048],[102436.1,0.0005],[102436.5,7.4e-05],[102436.7,0.001],[102437.2,0.101484],[102437.3,0.024405],[102437.5,0.097633],[102437.7,0.004514],[102439.8,0.001141],[102439.9,0.119007],[102440.0,0.097631],[102440.9,0.001048],[102441.1,0.048808],[102441.6,0.097629],[102442.4,0.0005]]},"raw":{}}
{"exchange":"bybit","instance_id":"B","symbol":"BTC-USD","event_ts":1762349854.93,"seq":55837178,"depth":{"last_seq":55837178,"bids":[[102430.9,0.419082],[102430.4,0.041097],[102429.8,0.000908],[102425.8,0.100308],[102425.7,0.048804],[102425.6,0.001],[102425.1,0.097645],[102424.8,0.099053],[102424.7,0.08],[102424.5,0.008938],[102423.3,0.0006],[102421.3,0.033159],[102420.9,0.000908],[102420.7,0.0005],[102419.9,0.0015],[102419.3,0.0006],[102419.1,0.000908],[102418.5,0.097651],[102418.2,0.004842],[102417.7,0.01]],"asks":[[102431.0,0.981412],[102431.7,0.069452],[102431.8,0.007834],[102433.0,0.043886],[102434.2,0.051776],[102435.7,0.001048],[102436.1,0.0005],[102436.5,7.4e-05],[102436.7,0.001],[102437.2,0.101484],[102437.3,0.024405],[102437.5,0.097633],[102437.7,0.004514],[102439.8,0.001141],[102439.9,0.119007],[102440.0,0.097631],[102440.9,0.001048],[102441.1,0.048808],[102441.6,0.097629],[102442.4,0.0005]]},"raw":{}}
{"exchange":"bybit","instance_id":"B","symbol":"BTC-USD","event_ts":1762349854.949,"seq":55837179,"depth":{"last_seq":55837179,"bids":[[102430.9,0.419082],[102430.4,0.041097],[102429.8,0.000908],[102425.8,0.100308],[102425.7,0.048804],[102425.6,0.001],[102425.1,0.097645],[102424.8,0.099053],[102424.7,0.08],[102424.5,0.008938],[102423.3,0.0006],[102421.3,0.033159],[102420.9,0.000908],[102420.7,0.0005],[102419.9,0.0015],[102419.3,0.0006],[102419.1,0.000908],[102418.5,0.097651],[102418.2,0.004842],[102417.7,0.01]],"asks":[[102431.0,0.981412],[102431.7,0.079215],[102431.8,0.007834],[102433.0,0.043886],[102434.2,0.051776],[102435.7,0.001048],[102436.1,0.0005],[102436.5,7.4e-05],[102436.7,0.001],[102437.2,0.101484],[102437.3,0.024405],[102437.5,0.097633],[102437.7,0.004514],[102439.8,0.001141],[102439.9,0.119007],[102440.0,0.097631],[102440.9,0.001048],[102441.1,0.048808],[102441.6,0.097629],[102442.4,0.0005]]},"raw":{}}
{"exchange":"bybit","instance_id":"B","symbol":"BTC-USD","event_ts":1762349854.989,"seq":55837180,"depth":{"last_seq":55837180,"bids":[[102430.9,0.419082],[102430.4,0.041097],[102429.8,0.000908],[102425.8,0.100308],[102425.7,0.048804],[102425.6,0.001],[102425.1,0.097645],[102424.8,0.099053],[102424.7,0.08],[102424.5,0.008938],[102423.3,0.0006],[102421.3,0.033159],[102420.9,0.000908],[102420.7,0.0005],[102419.9,0.0015],[102419.3,0.0006],[102419.1,0.000908],[102418.5,0.097651],[102418.2,0.004842],[102417.7,0.01]],"asks":[[102431.0,0.981412],[102431.7,0.079215],[102431.8,0.007834],[102433.0,0.043886],[102434.2,0.051776],[102435.7,0.001048],[102436.1,0.0005],[102436.5,7.4e-05],[102436.7,0.001],[102437.2,0.101484],[102437.3,0.024405],[102437.5,0.097633],[102437.7,0.004514],[102439.8,0.001141],[102439.9,0.119007],[102440.0,0.097631],[102440.9,0.001048],[102441.1,0.048808],[102441.6,0.097629],[102442.4,0.0005]]},"raw":{}}
{"exchange":"bybit","instance_id":"B","symbol":"BTC-USD","event_ts":1762349855.01,"seq":55837181,"depth":{"last_seq":55837181,"bids":[[102430.9,0.419082],[102430.4,0.041097],[102429.8,0.000908],[102425.8,0.100308],[102425.7,0.048804],[102425.6,0.001],[102425.1,0.097645],[102424.8,0.099053],[102424.7,0.08],[102424.5,0.008938],[102423.3,0.0006],[102421.3,0.033159],[102420.9,0.000908],[102420.7,0.0005],[102419.9,0.0015],[102419.3,0.0006],[102419.1,0.000908],[102418.5,0.097651],[102418.2,0.004842],[102417.7,0.01]],"asks":[[102431.0,0.981412],[102431.7,0.069452],[102431.8,0.007834],[102433.0,0.043886],[102434.2,0.051776],[102435.7,0.001048],[102436.1,0.0005],[102436.5,7.4e-05],[102436.7,0.001],[102437.2,0.101484],[102437.3,0.024405],[102437.5,0.097633],[102437.7,0.004514],[102439.8,0.001141],[102439.9,0.119007],[102440.0,0.097631],[102440.9,0.001048],[102441.1,0.048808],[102441.6,0.097629],[102442.4,0.0005]]},"raw":{}}
{"exchange":"bybit","instance_id":"B","symbol":"BTC-USD","event_ts":1762349855.03,"seq":55837182,"depth":{"last_seq":55837182,"bids":[[102430.9,0.419082],[102430.4,0.041097],[102429.8,0.000908],[102425.8,0.100308],[102425.7,0.048804],[102425.6,0.001],[102425.1,0.097645],[102424.8,0.099053],[102424.7,0.08],[102424.5,0.008938],[102423.3,0.0006],[102421.3,0.033159],[102420.9,0.000908],[102420.7,0.0005],[102419.9,0.0015],[102419.3,0.0006],[102419.1,0.000908],[102418.5,0.097651],[102418.2,0.004842],[102417.7,0.01]],"asks":[[102431.0,0.991175],[102431.7,0.069452],[102431.8,0.007834],[102433.0,0.043886],[102434.2,0.051776],[102435.7,0.001048],[102436.1,0.0005],[102436.5,7.4e-05],[102436.7,0.001],[102437.2,0.101484],[102437.3,0.024405],[102437.5,0.097633],[102437.7,0.004514],[102439.8,0.001141],[102439.9,0.119007],[102440.0,0.097631],[102440.9,0.001048],[102441.1,0.048808],[102441.6,0.097629],[102442.4,0.0005]]},"raw":{}}
{"exchange":"bybit","instance_id":"B","symbol":"BTC-USD","event_ts":1762349855.049,"seq":55837183,"depth":{"last_seq":55837183,"bids":[[102430.9,0.419082],[102430.4,0.041097],[102429.8,0.000908],[102425.8,0.100308],[102425.7,0.048804],[102425.6,0.001],[102425.1,0.097645],[102424.8,0.099053],[102424.7,0.08],[102424.5,0.008938],[102423.3,0.0006],[102421.3,0.033159],[102420.9,0.000908],[102420.7,0.0005],[102419.9,0.0015],[102419.3,0.0006],[102419.1,0.000908],[102418.5,0.097651],[102418.2,0.004842],[102417.7,0.01]],"asks":[[102431.0,0.996056],[102431.7,0.069452],[102431.8,0.007834],[102433.0,0.043886],[102434.2,0.051776],[102435.7,0.001048],[102436.1,0.0005],[102436.5,7.4e-05],[102436.7,0.001],[102437.2,0.101484],[102437.3,0.024405],[102437.5,0.097633],[102437.7,0.004514],[102439.8,0.001141],[102439.9,0.119007],[102440.0,0.097631],[102440.9,0.001048],[102441.1,0.048808],[102441.6,0.097629],[102442.4,0.0005]]},"raw":{}}
{"exchange":"bybit","instance_id":"B","symbol":"BTC-USD","event_ts":1762349855.069,"seq":55837184,"depth":{"last_seq":55837184,"bids":[[102430.9,0.419082],[102430.4,0.041097],[102429.8,0.000908],[102425.8,0.100308],[102425.7,0.048804],[102425.6,0.001],[102425.1,0.097645],[102424.8,0.099053],[102424.7,0.08],[102424.5,0.008938],[102423.3,0.0006],[102421.3,0.033159],[102420.9,0.000908],[102420.7,0.0005],[102419.9,0.0015],[102419.3,0.0006],[102419.1,0.000908],[102418.5,0.097651],[102418.2,0.004842],[102417.7,0.01]],"asks":[[102431.0,0.996056],[102431.7,0.069452],[102431.8,0.007834],[102433.0,0.043886],[102434.2,0.051776],[102435.7,0.001048],[102436.1,0.0005],[102436.5,7.4e-05],[102436.7,0.001],[102437.2,0.101484],[102437.3,0.024405],[102437.5,0.097633],[102437.7,0.004514],[102439.8,0.001141],[102439.9,0.119007],[102440.0,0.097631],[102440.9,0.001048],[102441.1,0.048808],[102441.6,0.097629],[102442.4,0.0005]]},"raw":{}}
{"exchange":"bybit","instance_id":"B","symbol":"BTC-USD","event_ts":1762349855.11,"seq":55837185,"depth":{"last_seq":55837185,"bids":[[102430.9,0.419082],[102430.4,0.041097],[102429.8,0.000908],[102425.8,0.100308],[102425.7,0.048804],[102425.6,0.001],[102425.1,0.097645],[102424.8,0.099053],[102424.7,0.08],[102424.5,0.008938],[102423.3,0.0006],[102421.3,0.033159],[102420.9,0.000908],[102420.7,0.0005],[102419.9,0.0015],[102419.3,0.0006],[102419.1,0.000908],[102418.5,0.097651],[102418.2,0.004842],[102417.7,0.01]],"asks":[[102431.0,0.991175],[102431.7,0.069452],[102431.8,0.007834],[102433.0,0.043886],[102434.2,0.051776],[102435.7,0.001048],[102436.1,0.0005],[102436.5,7.4e-05],[102436.7,0.001],[102437.2,0.101484],[102437.3,0.024405],[102437.5,0.097633],[102437.7,0.004514],[102439.8,0.001141],[102439.9,0.119007],[102440.0,0.097631],[102440.9,0.001048],[102441.1,0.048808],[102441.6,0.097629],[102442.4,0.0005]]},"raw":{}}
{"exchange":"bybit","instance_id":"B","symbol":"BTC-USD","event_ts":1762349855.149,"seq":55837186,"depth":{"last_seq":55837186,"bids":[[102430.9,0.278819],[102430.6,0.009763],[102430.4,0.041097],[102429.8,0.000908],[102425.8,0.100308],[102425.7,0.048804],[102425.6,0.001],[102425.1,0.097645],[102424.8,0.099053],[102424.7,0.08],[102424.5,0.008938],[102423.3,0.0006],[102421.3,0.033159],[102420.9,0.000908],[102420.7,0.0005],[102419.9,0.0015],[102419.3,0.0006],[102419.1,0.000908],[102418.5,0.097651],[102418.2,0.004842]],"asks":[[102431.0,0.991175],[102431.7,0.069452],[102431.8,0.007834],[102433.0,0.043886],[102434.2,0.051776],[102435.7,0.001048],[102436.1,0.0005],[102436.5,7.4e-05],[102436.7,0.001],[102437.2,0.101484],[102437.3,0.024405],[102437.5,0.097633],[102437.7,0.004514],[102439.8,0.001141],[102439.9,0.119007],[102440.0,0.097631],[102440.9,0.001048],[102441.1,0.048808],[102441.6,0.097629],[102442.4,0.0005]]},"raw":{}}
{"exchange":"bybit","instance_id":"B","symbol":"BTC-USD","event_ts":1762349855.169,"seq":55837187,"depth":{"last_seq":55837187,"bids":[[102430.9,0.278819],[102430.4,0.041097],[102429.8,0.000908],[102425.8,0.100308],[102425.7,0.048804],[102425.6,0.001],[102425.1,0.097645],[102424.8,0.099053],[102424.7,0.08],[102424.5,0.008938],[102423.3,0.0006],[102421.3,0.033159],[102420.9,0.000908],[102420.7,0.0005],[102419.9,0.0015],[102419.3,0.0006],[102419.1,0.000908],[102418.5,0.097651],[102418.2,0.004842],[102417.7,0.01]],"asks":[[102431.0,0.991175],[102431.7,0.069452],[102431.8,0.007834],[102433.0,0.043886],[102434.2,0.051776],[102434.4,0.0323],[102435.7,0.001048],[102436.1,0.0005],[102436.5,7.4e-05],[102436.7,0.001],[102437.2,0.101484],[102437.3,0.024405],[102437.5,0.097633],[102437.7,0.004514],[102439.8,0.001141],[102439.9,0.119007],[102440.0,0.097631],[102440.9,0.001048],[102441.1,0.048808],[102441.6,0.097629]]},"raw":{}}
{"exchange":"bybit","instance_id":"B","symbol":"BTC-USD","event_ts":1762349855.19,"seq":55837188,"depth":{"last_seq":55837188,"bids":[[102430.9,0.278819],[102430.4,0.041097],[102429.8,0.000908],[102425.8,0.100308],[102425.7,0.048804],[102425.6,0.001],[102425.1,0.097645],[102424.8,0.099053],[102424.7,0.08],[102424.5,0.008938],[102423.3,0.0006],[102421.3,0.033159],[102420.9,0.000908],[102420.7,0.0005],[102419.9,0.0015],[102419.3,0.0006],[102419.1,0.000908],[102418.5,0.097651],[102418.2,0.004842],[102417.7,0.01]],"asks":[[102431.0,0.991175],[102431.7,0.100507],[102431.8,0.007834],[102433.0,0.043886],[102434.2,0.051776],[102434.4,0.0323],[102435.7,0.001048],[102436.1,0.0005],[102436.5,7.4e-05],[102436.7,0.001],[102437.2,0.101484],[102437.3,0.024405],[102437.5,0.097633],[102437.7,0.004514],[102439.8,0.001141],[102439.9,0.119007],[102440.0,0.097631],[102440.9,0.001048],[102441.1,0.048808],[102441.6,0.097629]]},"raw":{}}
{"exchange":"bybit","instance_id":"B","symbol":"BTC-USD","event_ts":1762349855.21,"seq":55837189,"depth":{"last_seq":55837189,"bids":[[102430.9,0.278819],[102429.8,0.000908],[102425.8,0.100308],[102425.7,0.048804],[102425.6,0.001],[102425.1,0.097645],[102424.8,0.099053],[102424.7,0.08],[102424.5,0.008938],[102423.3,0.0006],[102421.3,0.033159],[102420.9,0.000908],[102420.7,0.0005],[102419.9,0.0015],[102419.3,0.0006],[102419.1,0.000908],[102418.5,0.097651],[102418.2,0.004842],[102417.7,0.01],[102417.5,0.0005]],"asks":[[102431.0,0.991175],[102431.7,0.100507],[102431.8,0.007834],[102433.0,0.043886],[102434.2,0.051776],[102434.4,0.0323],[102435.7,0.001048],[102436.1,0.0005],[102436.5,7.4e-05],[102436.7,0.001],[102437.2,0.101484],[102437.3,0.024405],[102437.5,0.097633],[102437.7,0.004514],[102439.8,0.001141],[102439.9,0.119007],[102440.0,0.097631],[102440.9,0.001048],[102441.1,0.048808],[102441.6,0.097629]]},"raw":{}}
{"exchange":"bybit","instance_id":"B","symbol":"BTC-USD","event_ts":1762349855.229,"seq":55837190,"depth":{"last_seq":55837190,"bids":[[102430.9,0.409319],[102429.8,0.000908],[102427.7,0.009764],[102425.8,0.100308],[102425.7,0.048804],[102425.6,0.001],[102425.1,0.097645],[102424.8,0.099053],[102424.7,0.08],[102424.5,0.008938],[102423.3,0.0006],[102421.3,0.033159],[102420.9,0.000908],[102420.7,0.0005],[102419.9,0.0015],[102419.3,0.0006],[102419.1,0.000908],[102418.5,0.097651],[102418.2,0.004842],[102417.7,0.01]],"asks":[[102431.0,0.991175],[102431.7,0.100507],[102431.8,0.007834],[102433.0,0.043886],[102434.2,0.051776],[102434.4,0.0323],[102435.7,0.001048],[102436.1,0.0005],[102436.5,7.4e-05],[102436.7,0.001],[102437.2,0.101484],[102437.3,0.024405],[102437.5,0.097633],[102437.7,0.004514],[102439.8,0.001141],[102439.9,0.119007],[102440.0,0.097631],[102440.9,0.001048],[102441.1,0.048808],[102441.6,0.097629]]},"raw":{}}
{"exchange":"bybit","instance_id":"B","symbol":"BTC-USD","event_ts":1762349855.25,"seq":55837191,"depth":{"last_seq":55837191,"bids":[[102430.9,0.398997],[102429.8,0.000908],[102425.8,0.100308],[102425.7,0.048804],[102425.6,0.001],[102425.1,0.097645],[102424.8,0.099053],[102424.7,0.08],[102424.5,0.008938],[102423.3,0.0006],[102421.3,0.033159],[102420.9,0.000908],[102420.7,0.0005],[102419.9,0.0015],[102419.3,0.0006],[102419.1,0.000908],[102418.5,0.097651],[102418.2,0.004842],[102417.7,0.01],[102417.5,0.0005]],"asks":[[102431.0,0.991175],[102431.7,0.100507],[102431.8,0.007834],[102433.0,0.043886],[102434.2,0.051776],[102434.4,0.0323],[102435.7,0.001048],[102436.1,0.0005],[102436.5,7.4e-05],[102436.7,0.001],[102437.2,0.101484],[102437.3,0.024405],[102437.5,0.097633],[102437.7,0.004514],[102439.8,0.001141],[102439.9,0.119007],[102440.0,0.097631],[102440.9,0.001048],[102441.1,0.048808],[102441.6,0.097629]]},"raw":{}}
{"exchange":"bybit","instance_id":"B","symbol":"BTC-USD","event_ts":1762349855.269,"seq":55837192,"depth":{"last_seq":55837192,"bids":[[102430.9,0.398997],[102429.8,0.000908],[102425.8,0.100308],[102425.7,0.048804],[102425.6,0.001],[102425.1,0.097645],[102424.8,0.099053],[102424.7,0.08],[102424.5,0.008938],[102423.3,0.0006],[102421.3,0.033159],[102420.9,0.000908],[102420.7,0.0005],[102419.9,0.0015],[102419.3,0.0006],[102419.1,0.000908],[102418.5,0.097651],[102418.2,0.004842],[102417.7,0.01],[102417.5,0.0005]],"asks":[[102431.0,0.991175],[102431.7,0.100507],[102431.8,0.007834],[102433.0,0.043886],[102434.2,0.051776],[102434.4,0.0323],[102435.7,0.001048],[102436.1,0.0005],[102436.5,7.4e-05],[102436.7,0.001],[102437.2,0.101484],[102437.3,0.024405],[102437.5,0.097633],[102437.7,0.004514],[102439.8,0.001141],[102439.9,0.119007],[102440.0,0.097631],[102440.9,0.001048],[102441.1,0.048808],[102441.6,0.097629]]},"raw":{}}
{"exchange":"bybit","instance_id":"B","symbol":"BTC-USD","event_ts":1762349855.29,"seq":55837193,"depth":{"last_seq":55837193,"bids":[[102430.9,0.398997],[102429.8,0.000908],[102425.8,0.100308],[102425.7,0.048804],[102425.6,0.001],[102425.1,0.097645],[102424.8,0.099053],[102424.7,0.08],[102424.5,0.008938],[102423.3,0.0006],[102421.3,0.033159],[102420.9,0.000908],[102420.7,0.0005],[102419.9,0.0015],[102419.3,0.0006],[102419.1,0.000908],[102418.5,0.097651],[102418.2,0.004842],[102417.7,0.01],[102417.5,0.0005]],"asks":[[102431.0,0.991175],[102431.7,0.100507],[102431.8,0.007834],[102433.0,0.043886],[102434.2,0.051776],[102434.4,0.0323],[102435.7,0.001048],[102436.1,0.0005],[102436.5,7.4e-05],[102436.7,0.001],[102437.2,0.101484],[102437.3,0.024405],[102437.5,0.097633],[102437.7,0.004514],[102439.8,0.001141],[102439.9,0.119007],[102440.0,0.097631],[102440.9,0.001048],[102441.1,0.048808],[102441.6,0.097629]]},"raw":{}}
{"exchange":"bybit","instance_id":"B","symbol":"BTC-USD","event_ts":1762349855.31,"seq":55837194,"depth":{"last_seq":55837194,"bids":[[102430.9,0.398997],[102429.8,0.000908],[102425.8,0.100308],[102425.7,0.048804],[102425.6,0.001],[102425.5,0.020597],[102425.1,0.097645],[102424.8,0.099053],[102424.7,0.08],[102424.5,0.008938],[102423.3,0.0006],[102421.3,0.033159],[102420.9,0.000908],[102420.7,0.0005],[102419.9,0.0015],[102419.3,0.0006],[102419.1,0.000908],[102418.5,0.097651],[102418.2,0.004842],[102417.7,0.01]],"asks":[[102431.0,0.991175],[102431.7,0.100507],[102431.8,0.007834],[102433.0,0.043886],[102434.2,0.051776],[102434.4,0.0323],[102435.7,0.001048],[102436.1,0.0005],[102436.5,7.4e-05],[102436.7,0.001],[102437.2,0.101484],[102437.3,0.024405],[102437.5,0.097633],[102437.7,0.004514],[102439.8,0.001141],[102439.9,0.119007],[102440.0,0.097631],[102440.9,0.001048],[102441.1,0.048808],[102441.6,0.097629]]},"raw":{}}
{"exchange":"bybit","instance_id":"B","symbol":"BTC-USD","event_ts":1762349855.39,"seq":55837195,"depth":{"last_seq":55837195,"bids":[[102430.9,0.398997],[102429.8,0.000908],[102425.8,0.100308],[102425.7,0.048804],[102425.6,0.001],[102425.5,0.020597],[102425.1,0.097645],[102424.8,0.099053],[102424.7,0.08],[102424.5,0.008938],[102423.3,0.0006],[102421.3,0.033159],[102420.9,0.000908],[102420.7,0.0005],[102419.9,0.0015],[102419.3,0.0006],[102419.1,0.000908],[102418.5,0.097651],[102418.2,0.004842],[102417.7,0.01]],"asks":[[102431.0,0.991175],[102431.7,0.100507],[102431.8,0.007834],[102433.0,0.043886],[102434.2,0.051776],[102434.4,0.0323],[102435.7,0.001048],[102436.1,0.0005],[102436.5,7.4e-05],[102436.7,0.001],[102437.2,0.101484],[102437.3,0.024405],[102437.5,0.097633],[102437.7,0.004514],[102439.8,0.001141],[102439.9,0.119007],[102440.0,0.097631],[102440.9,0.001048],[102441.1,0.048808],[102441.6,0.097629]]},"raw":{}}
{"exchange":"bybit","instance_id":"B","symbol":"BTC-USD","event_ts":1762349855.409,"seq":55837196,"depth":{"last_seq":55837196,"bids":[[102430.9,0.398997],[102429.8,0.000908],[102425.8,0.100308],[102425.7,0.048804],[102425.6,0.001],[102425.5,0.020597],[102425.1,0.097645],[102424.8,0.099053],[102424.7,0.08],[102424.5,0.008938],[102423.3,0.0006],[102421.3,0.033159],[102420.9,0.000908],[102420.7,0.0005],[102419.9,0.0015],[102419.3,0.0006],[102419.1,0.000908],[102418.5,0.097651],[102418.2,0.004842],[102417.7,0.01]],"asks":[[102431.0,0.991175],[102431.7,0.100507],[102431.8,0.007834],[102433.0,0.043886],[102434.2,0.051776],[102434.4,0.0323],[102435.7,0.001048],[102436.1,0.0005],[102436.5,7.4e-05],[102436.7,0.001],[102437.2,0.101484],[102437.3,0.024405],[102437.5,0.097633],[102437.7,0.004514],[102439.8,0.001141],[102439.9,0.119007],[102440.0,0.097631],[102440.9,0.001048],[102441.1,0.048808],[102441.6,0.097629]]},"raw":{}}
{"exchange":"bybit","instance_id":"B","symbol":"BTC-USD","event_ts":1762349855.509,"seq":55837197,"depth":{"last_seq":55837197,"bids":[[102430.9,0.268497],[102429.8,0.000908],[102429.5,0.009764],[102425.8,0.100308],[102425.7,0.048804],[102425.6,0.001],[102425.5,0.020597],[102425.1,0.097645],[102424.8,0.099053],[102424.7,0.08],[102424.5,0.008938],[102423.3,0.0006],[102421.3,0.033159],[102420.9,0.000908],[102420.7,0.0005],[102419.9,0.0015],[102419.3,0.0006],[102419.1,0.000908],[102418.5,0.097651],[102418.2,0.004842]],"asks":[[102431.0,0.991175],[102431.7,0.100507],[102431.8,0.007834],[102433.0,0.043886],[102434.2,0.051776],[102434.4,0.0323],[102435.7,0.001048],[102436.1,0.0005],[102436.5,7.4e-05],[102436.7,0.001],[102437.2,0.101484],[102437.3,0.024405],[102437.5,0.097633],[102437.7,0.004514],[102439.8,0.001141],[102439.9,0.119007],[102440.0,0.097631],[102440.9,0.001048],[102441.1,0.048808],[102441.6,0.097629]]},"raw":{}}
{"exchange":"bybit","instance_id":"B","symbol":"BTC-USD","event_ts":1762349855.529,"seq":55837198,"depth":{"last_seq":55837198,"bids":[[102430.9,0.268497],[102429.8,0.000908],[102429.5,0.009764],[102425.8,0.100308],[102425.7,0.048804],[102425.6,0.001],[102425.5,0.020597],[102425.1,0.097645],[102424.8,0.099053],[102424.7,0.08],[102424.5,0.008938],[102423.3,0.0006],[102421.3,0.033159],[102420.9,0.000908],[102420.7,0.0005],[102419.9,0.0015],[102419.3,0.0006],[102419.1,0.000908],[102418.5,0.097651],[102418.2,0.004842]],"asks":[[102431.0,0.991175],[102431.7,0.100507],[102431.8,0.007834],[102433.0,0.043886],[102434.2,0.051776],[102434.4,0.0323],[102435.7,0.001048],[102436.1,0.0005],[102436.5,7.4e-05],[102436.7,0.001],[102437.2,0.101484],[102437.3,0.024405],[102437.5,0.097633],[102437.7,0.004514],[102439.8,0.001141],[102439.9,0.119007],[102440.0,0.097631],[102440.9,0.001048],[102441.1,0.048808],[102441.6,0.097629]]},"raw":{}}
{"exchange":"bybit","instance_id":"B","symbol":"BTC-USD","event_ts":1762349855.549,"seq":55837199,"depth":{"last_seq":55837199,"bids":[[102430.9,0.268497],[102429.8,0.000908],[102428.3,0.009764],[102425.8,0.100308],[102425.7,0.048804],[102425.6,0.001],[102425.5,0.020597],[102425.1,0.097645],[102424.8,0.099053],[102424.7,0.08],[102424.5,0.008938],[102423.3,0.0006],[102421.3,0.033159],[102420.9,0.000908],[102420.7,0.0005],[102419.9,0.0015],[102419.3,0.0006],[102419.1,0.000908],[102418.5,0.097651],[102418.2,0.004842]],"asks":[[102431.0,0.991175],[102431.7,0.100507],[102431.8,0.007834],[102433.0,0.043886],[102434.2,0.051776],[102434.4,0.0323],[102435.7,0.001048],[102436.1,0.0005],[102436.5,7.4e-05],[102436.7,0.001],[102437.2,0.101484],[102437.3,0.024405],[102437.5,0.097633],[102437.7,0.004514],[102439.8,0.001141],[102439.9,0.119007],[102440.0,0.097631],[102440.9,0.001048],[102441.1,0.048808],[102441.6,0.097629]]},"raw":{}}
{"exchange":"bybit","instance_id":"B","symbol":"BTC-USD","event_ts":1762349855.569,"seq":55837200,"depth":{"last_seq":55837200,"bids":[[102430.9,0.268497],[102429.8,0.000908],[102428.3,0.009764],[102425.8,0.100308],[102425.7,0.048804],[102425.6,0.001],[102425.5,0.020597],[102425.1,0.097645],[102424.8,0.099053],[102424.7,0.08],[102424.5,0.008938],[102423.3,0.0006],[102421.3,0.033159],[102420.9,0.000908],[102420.7,0.0005],[102419.9,0.0015],[102419.3,0.0006],[102419.1,0.000908],[102418.5,0.097651],[102418.2,0.004842]],"asks":[[102431.0,0.996056],[102431.7,0.100507],[102431.8,0.007834],[102433.0,0.043886],[102434.2,0.051776],[102434.4,0.0323],[102435.7,0.001048],[102436.1,0.0005],[102436.5,7.4e-05],[102436.7,0.001],[102437.2,0.101484],[102437.3,0.024405],[102437.5,0.097633],[102437.7,0.004514],[102439.8,0.001141],[102439.9,0.119007],[102440.0,0.097631],[102440.9,0.001048],[102441.1,0.048808],[102441.6,0.097629]]},"raw":{}}
{"exchange":"bybit","instance_id":"B","symbol":"BTC-USD","event_ts":1762349855.609,"seq":55837201,"depth":{"last_seq":55837201,"bids":[[102430.9,0.117697],[102429.8,0.000908],[102425.8,0.100308],[102425.7,0.048804],[102425.6,0.001],[102425.5,0.020597],[102424.8,0.001408],[102424.7,0.08],[102424.5,0.008938],[102423.3,0.0006],[102421.3,0.033159],[102420.9,0.000908],[102420.7,0.0005],[102419.9,0.0015],[102419.3,0.0006],[102419.1,0.000908],[102418.5,0.097651],[102418.2,0.004842],[102417.7,0.01],[102417.5,0.0005]],"asks":[[102431.0,0.996056],[102431.7,0.100507],[102431.8,0.007834],[102433.0,0.043886],[102434.2,0.051776],[102434.4,0.0323],[102435.7,0.001048],[102436.1,0.0005],[102436.5,7.4e-05],[102436.7,0.001],[102437.2,0.101484],[102437.5,0.097633],[102437.7,0.004514],[102439.8,0.001141],[102439.9,0.119007],[102440.0,0.097631],[102440.9,0.001048],[102441.1,0.048808],[102441.6,0.097629],[102442.4,0.0005]]},"raw":{}}
{"exchange":"bybit","instance_id":"B","symbol":"BTC-USD","event_ts":1762349855.63,"seq":55837202,"depth":{"last_seq":55837202,"bids":[[102430.9,0.126697],[102429.8,0.000908],[102425.8,0.048162],[102425.7,0.048804],[102425.6,0.001],[102425.5,0.020597],[102424.8,0.001408],[102424.7,0.08],[102424.5,0.008938],[102423.3,0.0006],[102421.3,0.033159],[102420.9,0.000908],[102420.7,0.0005],[102419.9,0.0015],[102419.3,0.0006],[102419.1,0.000908],[102418.5,0.097651],[102418.2,0.004842],[102418.1,0.097651],[102417.7,0.01]],"asks":[[102431.0,0.996056],[102431.7,0.100507],[102431.8,0.007834],[102433.0,0.043886],[102434.2,0.051776],[102434.4,0.0323],[102435.7,0.001048],[102436.1,0.0005],[102436.5,7.4e-05],[102436.7,0.001],[102437.2,0.101484],[102437.5,0.097633],[102437.7,0.004514],[102439.8,0.001141],[102439.9,0.119007],[102440.0,0.097631],[102440.9,0.001048],[102441.1,0.048808],[102441.6,0.097629],[102442.4,0.0005]]},"raw":{}}
{"exchange":"bybit","instance_id":"B","symbol":"BTC-USD","event_ts":1762349855.65,"seq":55837203,"depth":{"last_seq":55837203,"bids":[[102430.9,0.126697],[102429.8,0.000908],[102425.8,0.048162],[102425.7,0.048804],[102425.6,0.001],[102425.5,0.020597],[102424.8,0.001408],[102424.7,0.08],[102424.5,0.018702],[102423.3,0.0006],[102421.3,0.033159],[102420.9,0.000908],[102420.7,0.0005],[102419.9,0.0015],[102419.3,0.0006],[102419.1,0.000908],[102418.5,0.097651],[102418.2,0.125743],[102418.1,0.097651],[102417.7,0.01]],"asks":[[102431.0,0.996056],[102431.7,0.100507],[102431.8,0.007834],[102433.0,0.043886],[102434.2,0.051776],[102434.4,0.0323],[102435.7,0.001048],[102436.1,0.0005],[102436.5,7.4e-05],[102436.7,0.001],[102437.2,0.101484],[102437.5,0.097633],[102437.7,0.004514],[102439.8,0.001141],[102439.9,0.119007],[102440.0,0.097631],[102440.9,0.001048],[102441.1,0.048808],[102441.6,0.097629],[102442.4,0.0005]]},"raw":{}}
{"exchange":"bybit","instance_id":"B","symbol":"BTC-USD","event_ts":1762349855.669,"seq":55837204,"depth":{"last_seq":55837204,"bids":[[102430.9,0.126697],[102429.8,0.000908],[102425.8,0.048162],[102425.7,0.048804],[102425.6,0.001],[102425.5,0.020597],[102424.8,0.001408],[102424.7,0.08],[102424.5,0.018702],[102423.3,0.0006],[102421.3,0.033159],[102420.9,0.000908],[102420.7,0.0005],[102419.9,0.0015],[102419.3,0.0006],[102419.1,0.000908],[102418.5,0.097651],[102418.2,0.125743],[102418.1,0.097651],[102417.7,0.01]],"asks":[[102431.0,0.996056],[102431.7,0.100507],[102431.8,0.007834],[102433.0,0.043886],[102434.2,0.051776],[102434.4,0.0323],[102435.7,0.001048],[102436.1,0.0005],[102436.5,7.4e-05],[102436.7,0.001],[102437.2,0.101484],[102437.3,0.024405],[102437.5,0.097633],[102437.7,0.004514],[102439.8,0.001141],[102439.9,0.119007],[102440.0,0.097631],[102440.9,0.001048],[102441.1,0.048808],[102441.6,0.097629]]},"raw":{}}
{"exchange":"bybit","instance_id":"B","symbol":"BTC-USD","event_ts":1762349855.709,"seq":55837205,"depth":{"last_seq":55837205,"bids":[[102430.9,0.126697],[102429.8,0.000908],[102425.8,0.048162],[102425.7,0.048804],[102425.6,0.001],[102425.5,0.020597],[102424.8,0.001408],[102424.7,0.08],[102424.5,0.008938],[102423.3,0.0006],[102421.3,0.033159],[102420.9,0.000908],[102420.7,0.0005],[102419.9,0.0015],[102419.3,0.0006],[102419.1,0.000908],[102418.5,0.097651],[102418.2,0.125743],[102418.1,0.097651],[102417.7,0.01]],"asks":[[102431.0,0.996056],[102431.7,0.100507],[102431.8,0.007834],[102433.0,0.043886],[102434.2,0.051776],[102434.4,0.0323],[102435.7,0.001048],[102436.1,0.0005],[102436.5,7.4e-05],[102436.7,0.001],[102437.2,0.101484],[102437.3,0.024405],[102437.5,0.097633],[102437.7,0.004514],[102439.8,0.001141],[102439.9,0.119007],[102440.0,0.097631],[102440.9,0.001048],[102441.1,0.048808],[102441.6,0.097629]]},"raw":{}}
{"exchange":"bybit","instance_id":"B","symbol":"BTC-USD","event_ts":1762349855.73,"seq":55837206,"depth":{"last_seq":55837206,"bids":[[102430.9,0.011929],[102429.8,0.000908],[102425.8,0.048162],[102425.7,0.048804],[102425.6,0.001],[102425.5,0.020597],[102424.8,0.001408],[102424.7,0.08],[102424.5,0.008938],[102423.5,0.009764],[102423.3,0.0006],[102421.3,0.033159],[102420.9,0.000908],[102420.7,0.0005],[102419.9,0.0015],[102419.3,0.0006],[102419.1,0.000908],[102418.5,0.097651],[102418.2,0.125743],[102418.1,0.097651]],"asks":[[102431.0,0.996056],[102431.7,0.100507],[102431.8,0.007834],[102433.0,0.043886],[102434.2,0.051776],[102434.4,0.0323],[102435.7,0.001048],[102436.1,0.0005],[102436.5,7.4e-05],[102436.7,0.001],[102437.2,0.101484],[102437.3,0.024405],[102437.5,0.097633],[102437.7,0.004514],[102439.8,0.001141],[102439.9,0.119007],[102440.0,0.097631],[102440.9,0.001048],[102441.1,0.048808],[102441.6,0.097629]]},"raw":{}}
{"exchange":"bybit","instance_id":"B","symbol":"BTC-USD","event_ts":1762349855.75,"seq":55837207,"depth":{"last_seq":55837207,"bids":[[102430.9,0.011929],[102429.8,0.000908],[102425.8,0.048162],[102425.7,0.048804],[102425.6,0.001],[102425.5,0.020597],[102424.8,0.001408],[102424.7,0.08],[102424.5,0.008938],[102424.2,0.009764],[102423.3,0.0006],[102421.3,0.033159],[102420.9,0.000908],[102420.7,0.0005],[102419.9,0.0015],[102419.3,0.0006],[102419.1,0.000908],[102418.5,0.097651],[102418.2,0.125743],[102418.1,0.097651]],"asks":[[102431.0,0.996056],[102431.7,0.100507],[102431.8,0.007834],[102433.0,0.043886],[102434.2,0.051776],[102434.4,0.0323],[102435.7,0.001048],[102436.1,0.0005],[102436.5,7.4e-05],[102436.7,0.001],[102437.2,0.101484],[102437.3,0.024405],[102437.5,0.097633],[102437.7,0.004514],[102439.8,0.001141],[102439.9,0.119007],[102440.0,0.097631],[102440.9,0.001048],[102441.1,0.048808],[102441.6,0.097629]]},"raw":{}}
{"exchange":"bybit","instance_id":"B","symbol":"BTC-USD","event_ts":1762349855.769,"seq":55837208,"depth":{"last_seq":55837208,"bids":[[102430.9,0.011929],[102429.8,0.000908],[102425.8,0.048162],[102425.7,0.048804],[102425.6,0.001],[102425.5,0.020597],[102424.8,0.001408],[102424.7,0.08],[102424.5,0.008938],[102423.3,0.0006],[102421.3,0.033159],[102420.9,0.000908],[102420.7,0.0005],[102419.9,0.0015],[102419.3,0.0006],[102419.1,0.000908],[102418.5,0.097651],[102418.2,0.125743],[102418.1,0.097651],[102417.7,0.01]],"asks":[[102431.0,0.996056],[102431.7,0.100507],[102431.8,0.007834],[102433.0,0.043886],[102434.2,0.051776],[102434.4,0.0323],[102435.7,0.001048],[102436.1,0.0005],[102436.5,7.4e-05],[102436.7,0.001],[102437.2,0.101484],[102437.3,0.024405],[102437.5,0.097633],[102437.7,0.004514],[102439.8,0.001141],[102439.9,0.119007],[102440.0,0.097631],[102440.9,0.001048],[102441.1,0.048808],[102441.6,0.097629]]},"raw":{}}
{"exchange":"bybit","instance_id":"B","symbol":"BTC-USD","event_ts":1762349855.79,"seq":55837209,"depth":{"last_seq":55837209,"bids":[[102430.9,0.011929],[102429.8,0.000908],[102425.8,0.048162],[102425.7,0.048804],[102425.6,0.001],[102425.5,0.020597],[102424.8,0.001408],[102424.7,0.08],[102424.5,0.008938],[102423.3,0.0006],[102421.3,0.033159],[102420.9,0.000908],[102420.7,0.0005],[102419.9,0.0015],[102419.3,0.0006],[102419.1,0.000908],[102418.5,0.097651],[102418.2,0.125743],[102418.1,0.097651],[102417.7,0.01]],"asks":[[102431.0,0.996056],[102431.7,0.100507],[102431.8,0.007834],[102433.0,0.043886],[102434.2,0.051776],[102434.4,0.0323],[102435.7,0.001048],[102436.1,0.0005],[102436.5,7.4e-05],[102436.7,0.001],[102437.2,0.101484],[102437.3,0.024405],[102437.5,0.097633],[102437.7,0.004514],[102439.8,0.001141],[102439.9,0.119007],[102440.0,0.097631],[102440.9,0.001048],[102441.1,0.048808],[102441.6,0.097629]]},"raw":{}}
{"exchange":"bybit","instance_id":"B","symbol":"BTC-USD","event_ts":1762349855.809,"seq":55837210,"depth":{"last_seq":55837210,"bids":[[102430.9,0.011929],[102429.8,0.000908],[102425.7,0.048804],[102425.6,0.001],[102425.5,0.020597],[102424.8,0.001408],[102424.7,0.08],[102424.5,0.008938],[102423.3,0.0006],[102421.3,0.033159],[102420.9,0.000908],[102420.7,0.0005],[102419.9,0.0015],[102419.3,0.0006],[102419.1,0.000908],[102418.5,0.097651],[102418.2,0.125743],[102418.1,0.097651],[102417.7,0.01],[102417.5,0.0005]],"asks":[[102431.0,0.996056],[102431.7,0.100507],[102431.8,0.007834],[102433.0,0.043886],[102434.2,0.051776],[102434.4,0.0323],[102435.7,0.001048],[102436.1,0.0005],[102436.5,7.4e-05],[102436.7,0.001],[102437.2,0.101484],[102437.3,0.024405],[102437.5,0.097633],[102437.7,0.004514],[102439.8,0.001141],[102439.9,0.119007],[102440.0,0.097631],[102440.9,0.001048],[102441.1,0.048808],[102441.6,0.097629]]},"raw":{}}
{"exchange":"bybit","instance_id":"B","symbol":"BTC-USD","event_ts":1762349855.829,"seq":55837211,"depth":{"last_seq":55837211,"bids":[[102430.9,0.011929],[102429.8,0.000908],[102425.7,0.048804],[102425.6,0.001],[102425.5,0.020597],[102424.8,0.001408],[102424.7,0.08],[102424.5,0.008938],[102423.3,0.0006],[102423.1,0.009764],[102421.3,0.033159],[102420.9,0.000908],[102420.7,0.0005],[102419.9,0.0015],[102419.3,0.0006],[102419.1,0.000908],[102418.5,0.097651],[102418.2,0.125743],[102418.1,0.097651],[102417.7,0.01]],"asks":[[102431.0,0.996056],[102431.7,0.100507],[102431.8,0.007834],[102433.0,0.043886],[102434.2,0.051776],[102434.4,0.0323],[102435.7,0.001048],[102436.1,0.0005],[102436.5,7.4e-05],[102436.7,0.001],[102437.2,0.101484],[102437.3,0.024405],[102437.5,0.097633],[102437.7,0.004514],[102439.8,0.001141],[102439.9,0.119007],[102440.0,0.097631],[102440.9,0.001048],[102441.1,0.048808],[102441.6,0.097629]]},"raw":{}}
{"exchange":"bybit","instance_id":"B","symbol":"BTC-USD","event_ts":1762349855.849,"seq":55837212,"depth":{"last_seq":55837212,"bids":[[102430.9,0.011929],[102429.8,0.000908],[102425.7,0.048804],[102425.6,0.001],[102425.5,0.020597],[102424.8,0.001408],[102424.7,0.08],[102424.5,0.008938],[102423.9,0.009764],[102423.3,0.0006],[102421.3,0.033159],[102420.9,0.000908],[102420.7,0.0005],[102419.9,0.0015],[102419.3,0.0006],[102419.1,0.000908],[102418.5,0.097651],[102418.2,0.125743],[102418.1,0.097651],[102417.7,0.01]],"asks":[[102431.0,0.996056],[102431.7,0.100507],[102431.8,0.007834],[102433.0,0.043886],[102434.2,0.051776],[102434.4,0.0323],[102435.7,0.001048],[102436.1,0.0005],[102436.5,7.4e-05],[102436.7,0.001],[102437.2,0.101484],[102437.3,0.024405],[102437.5,0.097633],[102437.7,0.004514],[102439.8,0.001141],[102439.9,0.119007],[102440.0,0.097631],[102440.9,0.001048],[102441.1,0.048808],[102441.6,0.097629]]},"raw":{}}
{"exchange":"bybit","instance_id":"B","symbol":"BTC-USD","event_ts":1762349855.869,"seq":55837213,"depth":{"last_seq":55837213,"bids":[[102430.9,0.011929],[102429.8,0.000908],[102425.7,0.048804],[102425.6,0.001],[102425.5,0.020597],[102424.8,0.001408],[102424.7,0.08],[102424.5,0.008938],[102423.9,0.009764],[102423.3,0.0006],[102421.3,0.033159],[102420.9,0.000908],[102420.7,0.0005],[102419.9,0.0015],[102419.3,0.0006],[102419.1,0.000908],[102418.5,0.097651],[102418.2,0.125743],[102418.1,0.097651],[102417.7,0.01]],"asks":[[102431.0,0.996056],[102431.7,0.100507],[102431.8,0.007834],[102433.0,0.043886],[102434.2,0.051776],[102434.4,0.0323],[102435.7,0.001048],[102436.1,0.0005],[102436.5,7.4e-05],[102436.7,0.001],[102437.2,0.101484],[102437.3,0.024405],[102437.5,0.097633],[102437.7,0.004514],[102439.8,0.001141],[102439.9,0.119007],[102440.0,0.097631],[102440.9,0.001048],[102441.1,0.048808],[102441.6,0.097629]]},"raw":{}}
{"exchange":"bybit","instance_id":"B","symbol":"BTC-USD","event_ts":1762349855.89,"seq":55837214,"depth":{"last_seq":55837214,"bids":[[102430.9,0.011929],[102429.8,0.000908],[102425.7,0.048804],[102425.6,0.001],[102425.5,0.020597],[102424.8,0.001408],[102424.7,0.08],[102424.5,0.008938],[102423.9,0.009764],[102423.3,0.0006],[102421.3,0.033159],[102420.9,0.000908],[102420.7,0.0005],[102419.9,0.0015],[102419.3,0.0006],[102419.1,0.000908],[102418.5,0.097651],[102418.2,0.125743],[102418.1,0.097651],[102417.7,0.01]],"asks":[[102431.0,0.996056],[102431.7,0.100507],[102431.8,0.007834],[102433.0,0.043886],[102434.2,0.051776],[102434.4,0.0323],[102435.7,0.001048],[102436.1,0.0005],[102436.5,7.4e-05],[102436.7,0.001],[102437.2,0.101484],[102437.3,0.024405],[102437.5,0.097633],[102437.7,0.004514],[102439.8,0.001141],[102439.9,0.119007],[102440.0,0.097631],[102440.9,0.001048],[102441.1,0.048808],[102441.6,0.097629]]},"raw":{}}
{"exchange":"bybit","instance_id":"B","symbol":"BTC-USD","event_ts":1762349855.909,"seq":55837215,"depth":{"last_seq":55837215,"bids":[[102430.9,0.011929],[102429.8,0.000908],[102425.7,0.048804],[102425.6,0.001],[102425.5,0.020597],[102424.8,0.001408],[102424.7,0.08],[102424.5,0.008938],[102423.9,0.009764],[102423.3,0.0006],[102421.3,0.033159],[102420.9,0.000908],[102420.7,0.0005],[102419.9,0.0015],[102419.3,0.0006],[102419.1,0.000908],[102418.5,0.097651],[102418.2,0.125743],[102418.1,0.097651],[102417.7,0.01]],"asks":[[102431.0,0.996056],[102431.7,0.100507],[102431.8,0.007834],[102433.0,0.043886],[102434.2,0.051776],[102434.4,0.0323],[102435.7,0.001048],[102436.1,0.0005],[102436.5,7.4e-05],[102436.7,0.001],[102437.2,0.101484],[102437.3,0.024405],[102437.5,0.097633],[102437.7,0.004514],[102439.8,0.001141],[102439.9,0.119007],[102440.0,0.097631],[102440.9,0.001048],[102441.1,0.048808],[102441.5,0.004881]]},"raw":{}}
{"exchange":"bybit","instance_id":"B","symbol":"BTC-USD","event_ts":1762349855.949,"seq":55837216,"depth":{"last_seq":55837216,"bids":[[102430.9,0.011929],[102429.8,0.000908],[102425.7,0.048804],[102425.6,0.001],[102425.5,0.020597],[102424.8,0.001408],[102424.7,0.08],[102424.5,0.008938],[102423.3,0.0006],[102421.3,0.033159],[102420.9,0.000908],[102420.7,0.0005],[102419.9,0.0015],[102419.3,0.0006],[102419.1,0.000908],[102418.5,0.097651],[102418.2,0.125743],[102418.1,0.097651],[102417.7,0.01],[102417.5,0.0005]],"asks":[[102431.0,0.996056],[102431.7,0.100507],[102431.8,0.007834],[102433.0,0.043886],[102434.2,0.051776],[102434.4,0.0323],[102435.7,0.001048],[102436.1,0.0005],[102436.5,7.4e-05],[102436.7,0.001],[102437.2,0.101484],[102437.3,0.024405],[102437.5,0.097633],[102437.7,0.004514],[102439.8,0.001141],[102439.9,0.119007],[102440.0,0.097631],[102440.9,0.001048],[102441.1,0.048808],[102441.5,0.004881]]},"raw":{}}
{"exchange":"bybit","instance_id":"B","symbol":"BTC-USD","event_ts":1762349855.97,"seq":55837217,"depth":{"last_seq":55837217,"bids":[[102430.9,0.011929],[102429.8,0.000908],[102425.7,0.048804],[102425.6,0.001],[102425.5,0.020597],[102424.8,0.001408],[102424.7,0.08],[102424.5,0.008938],[102423.3,0.0006],[102421.3,0.033159],[102420.9,0.000908],[102420.7,0.0005],[102419.9,0.0015],[102419.3,0.0006],[102419.1,0.000908],[102418.5,0.097651],[102418.2,0.125743],[102418.1,0.097651],[102417.7,0.01],[102417.5,0.0005]],"asks":[[102431.0,0.996056],[102431.7,0.100507],[102431.8,0.007834],[102433.0,0.043886],[102434.2,0.051776],[102434.4,0.0323],[102435.7,0.001048],[102436.1,0.0005],[102436.5,7.4e-05],[102436.7,0.001],[102437.2,0.101484],[102437.3,0.024405],[102437.5,0.097633],[102437.7,0.004514],[102439.8,0.001141],[102439.9,0.119007],[102440.0,0.097631],[102440.9,0.001048],[102441.1,0.048808],[102441.5,0.004881]]},"raw":{}}
{"exchange":"bybit","instance_id":"B","symbol":"BTC-USD","event_ts":1762349855.99,"seq":55837218,"depth":{"last_seq":55837218,"bids":[[102430.9,0.011929],[102429.8,0.000908],[102425.7,0.048804],[102425.6,0.001],[102425.5,0.020597],[102424.8,0.001408],[102424.7,0.08],[102424.5,0.008938],[102423.3,0.0006],[102423.1,0.009764],[102421.3,0.033159],[102420.9,0.000908],[102420.7,0.0005],[102419.9,0.0015],[102419.3,0.0006],[102419.1,0.000908],[102418.5,0.097651],[102418.2,0.125743],[102418.1,0.097651],[102417.7,0.01]],"asks":[[102431.0,0.996056],[102431.7,0.100507],[102431.8,0.007834],[102433.0,0.043886],[102434.2,0.051776],[102434.4,0.0323],[102435.7,0.001048],[102436.1,0.0005],[102436.5,7.4e-05],[102436.7,0.001],[102437.2,0.101484],[102437.3,0.024405],[102437.5,0.097633],[102437.7,0.004514],[102439.8,0.001141],[102439.9,0.119007],[102440.0,0.097631],[102440.9,0.001048],[102441.1,0.048808],[102441.5,0.004881]]},"raw":{}}
{"exchange":"bybit","instance_id":"B","symbol":"BTC-USD","event_ts":1762349856.01,"seq":55837219,"depth":{"last_seq":55837219,"bids":[[102430.9,0.011929],[102429.8,0.000908],[102425.7,0.048804],[102425.6,0.001],[102425.5,0.020597],[102424.8,0.001408],[102424.7,0.08],[102424.5,0.008938],[102423.3,0.0006],[102423.1,0.009764],[102421.3,0.033159],[102420.9,0.000908],[102420.7,0.0005],[102419.9,0.0015],[102419.3,0.0006],[102419.1,0.000908],[102418.5,0.097651],[102418.2,0.125743],[102418.1,0.097651],[102417.7,0.01]],"asks":[[102431.0,0.996056],[102431.7,0.100507],[102431.8,0.007834],[102433.0,0.043886],[102434.2,0.051776],[102434.4,0.0323],[102435.7,0.001048],[102436.1,0.0005],[102436.5,7.4e-05],[102436.7,0.001],[102437.2,0.101484],[102437.3,0.024405],[102437.5,0.097633],[102437.7,0.004514],[102439.8,0.001141],[102439.9,0.119007],[102440.0,0.097631],[102440.9,0.001048],[102441.1,0.048808],[102441.5,0.004881]]},"raw":{}}
{"exchange":"bybit","instance_id":"B","symbol":"BTC-USD","event_ts":1762349856.029,"seq":55837220,"depth":{"last_seq":55837220,"bids":[[102430.9,0.011929],[102429.8,0.000908],[102425.7,0.048804],[102425.6,0.001],[102425.5,0.020597],[102424.8,0.001408],[102424.7,0.08],[102424.5,0.008938],[102423.3,0.0006],[102423.1,0.009764],[102421.3,0.033159],[102420.9,0.000908],[102420.7,0.0005],[102419.9,0.0015],[102419.3,0.0006],[102419.1,0.000908],[102418.5,0.097651],[102418.2,0.125743],[102418.1,0.097651],[102417.7,0.01]],"asks":[[102431.0,0.996056],[102431.7,0.100507],[102431.8,0.007834],[102433.0,0.043886],[102434.2,0.051776],[102434.4,0.0323],[102435.7,0.001048],[102436.1,0.0005],[102436.5,7.4e-05],[102436.7,0.001],[102437.2,0.101484],[102437.3,0.024405],[102437.5,0.097633],[102437.7,0.004514],[102439.8,0.001141],[102439.9,0.119007],[102440.0,0.097631],[102440.9,0.001048],[102441.1,0.048808],[102441.5,0.004881]]},"raw":{}}
{"exchange":"bybit","instance_id":"B","symbol":"BTC-USD","event_ts":1762349856.049,"seq":55837221,"depth":{"last_seq":55837221,"bids":[[102430.9,0.011929],[102429.8,0.000908],[102425.7,0.048804],[102425.6,0.001],[102425.5,0.020597],[102424.8,0.001408],[102424.7,0.08],[102424.5,0.008938],[102424.0,0.009764],[102423.3,0.0006],[102421.3,0.033159],[102420.9,0.000908],[102420.7,0.0005],[102419.9,0.0015],[102419.3,0.0006],[102419.1,0.000908],[102418.5,0.097651],[102418.2,0.125743],[102418.1,0.097651],[102417.7,0.01]],"asks":[[102431.0,0.996056],[102431.7,0.100507],[102431.8,0.007834],[102433.0,0.043886],[102434.2,0.051776],[102434.4,0.0323],[102435.7,0.001048],[102436.1,0.0005],[102436.5,7.4e-05],[102436.7,0.001],[102437.2,0.101484],[102437.3,0.024405],[102437.5,0.097633],[102437.7,0.004514],[102439.8,0.001141],[102439.9,0.119007],[102440.0,0.097631],[102440.9,0.001048],[102441.1,0.048808],[102441.5,0.004881]]},"raw":{}}
{"exchange":"bybit","instance_id":"B","symbol":"BTC-USD","event_ts":1762349856.069,"seq":55837222,"depth":{"last_seq":55837222,"bids":[[102430.9,0.011929],[102429.8,0.000908],[102425.7,0.048804],[102425.6,0.001],[102425.5,0.020597],[102424.8,0.001408],[102424.7,0.08],[102424.5,0.008938],[102424.0,0.009764],[102423.3,0.0006],[102421.3,0.033159],[102420.9,0.000908],[102420.7,0.0005],[102419.9,0.0015],[102419.3,0.0006],[102419.1,0.000908],[102418.5,0.097651],[102418.2,0.125743],[102418.1,0.097651],[102417.7,0.01]],"asks":[[102431.0,0.996056],[102431.7,0.100507],[102431.8,0.007834],[102433.0,0.043886],[102434.2,0.051776],[102434.4,0.0323],[102435.7,0.001048],[102436.1,0.0005],[102436.5,7.4e-05],[102436.7,0.001],[102437.2,0.101484],[102437.3,0.024405],[102437.5,0.097633],[102437.7,0.004514],[102439.8,0.001141],[102439.9,0.119007],[102440.0,0.097631],[102440.9,0.001048],[102441.1,0.048808],[102441.5,0.004881]]},"raw":{}}
{"exchange":"bybit","instance_id":"B","symbol":"BTC-USD","event_ts":1762349856.089,"seq":55837223,"depth":{"last_seq":55837223,"bids":[[102430.9,0.011929],[102429.8,0.000908],[102425.7,0.048804],[102425.6,0.001],[102425.5,0.020597],[102424.8,0.001408],[102424.7,0.08],[102424.5,0.008938],[102424.0,0.009764],[102423.3,0.0006],[102421.3,0.033159],[102420.9,0.000908],[102420.7,0.0005],[102419.9,0.0015],[102419.3,0.0006],[102419.1,0.000908],[102418.5,0.097651],[102418.2,0.125743],[102418.1,0.097651],[102417.7,0.01]],"asks":[[102431.0,0.996056],[102431.7,0.100507],[102431.8,0.007834],[102433.0,0.043886],[102434.2,0.051776],[102434.4,0.0323],[102435.7,0.001048],[102436.1,0.0005],[102436.5,7.4e-05],[102436.7,0.001],[102437.2,0.101484],[102437.3,0.024405],[102437.5,0.097633],[102437.7,0.004514],[102439.8,0.001141],[102439.9,0.119007],[102440.0,0.097631],[102440.9,0.001048],[102441.1,0.048808],[102441.5,0.004881]]},"raw":{}}
{"exchange":"bybit","instance_id":"B","symbol":"BTC-USD","event_ts":1762349856.149,"seq":55837224,"depth":{"last_seq":55837224,"bids":[[102430.9,0.011929],[102429.8,0.000908],[102425.7,0.048804],[102425.6,0.001],[102425.5,0.020597],[102424.8,0.001408],[102424.7,0.08],[102424.5,0.008938],[102423.3,0.0006],[102422.8,0.009764],[102421.3,0.033159],[102420.9,0.000908],[102420.7,0.0005],[102419.9,0.0015],[102419.3,0.0006],[102419.1,0.000908],[102418.5,0.097651],[102418.2,0.125743],[102418.1,0.097651],[102417.7,0.01]],"asks":[[102431.0,0.996056],[102431.7,0.100507],[102431.8,0.007834],[102433.0,0.043886],[102434.2,0.051776],[102434.4,0.0323],[102435.7,0.001048],[102436.1,0.0005],[102436.5,7.4e-05],[102436.7,0.001],[102437.2,0.101484],[102437.3,0.024405],[102437.5,0.097633],[102437.7,0.004514],[102439.8,0.001141],[102439.9,0.119007],[102440.0,0.097631],[102440.9,0.001048],[102441.1,0.048808],[102441.5,0.004881]]},"raw":{}}
{"exchange":"bybit","instance_id":"B","symbol":"BTC-USD","event_ts":1762349856.169,"seq":55837225,"depth":{"last_seq":55837225,"bids":[[102430.9,0.011929],[102429.8,0.000908],[102425.7,0.048804],[102425.6,0.001],[102425.5,0.020597],[102424.8,0.001408],[102424.7,0.08],[102424.5,0.008938],[102423.3,0.0006],[102422.8,0.009764],[102421.3,0.033159],[102420.9,0.000908],[102420.7,0.0005],[102419.9,0.0015],[102419.3,0.0006],[102419.1,0.000908],[102418.5,0.097651],[102418.2,0.125743],[102418.1,0.097651],[102417.7,0.01]],"asks":[[102431.0,0.996056],[102431.7,0.100507],[102431.8,0.007834],[102433.0,0.043886],[102434.2,0.051776],[102434.4,0.0323],[102435.7,0.001048],[102436.1,0.0005],[102436.5,7.4e-05],[102436.7,0.001],[102437.2,0.101484],[102437.3,0.024405],[102437.5,0.097633],[102437.7,0.004514],[102439.8,0.001141],[102439.9,0.119007],[102440.0,0.097631],[102440.9,0.001048],[102441.1,0.048808],[102441.5,0.004881]]},"raw":{}}
{"exchange":"bybit","instance_id":"B","symbol":"BTC-USD","event_ts":1762349856.19,"seq":55837226,"depth":{"last_seq":55837226,"bids":[[102430.9,0.011929],[102429.8,0.000908],[102425.7,0.048804],[102425.6,0.001],[102425.5,0.020597],[102424.8,0.001408],[102424.7,0.08],[102424.5,0.008938],[102423.3,0.0006],[102421.3,0.033159],[102420.9,0.000908],[102420.7,0.0005],[102419.9,0.0015],[102419.3,0.0006],[102419.1,0.000908],[102418.5,0.097651],[102418.2,0.125743],[102418.1,0.097651],[102417.7,0.01],[102417.5,0.0005]],"asks":[[102431.0,0.996056],[102431.7,0.100507],[102431.8,0.007834],[102433.0,0.043886],[102434.2,0.051776],[102434.4,0.0323],[102435.7,0.001048],[102436.1,0.0005],[102436.5,7.4e-05],[102436.7,0.001],[102437.2,0.101484],[102437.3,0.024405],[102437.5,0.097633],[102437.7,0.004514],[102439.8,0.001141],[102439.9,0.119007],[102440.0,0.097631],[102440.9,0.001048],[102441.1,0.048808],[102441.5,0.004881]]},"raw":{}}
{"exchange":"bybit","instance_id":"B","symbol":"BTC-USD","event_ts":1762349856.209,"seq":55837227,"depth":{"last_seq":55837227,"bids":[[102430.9,0.011929],[102429.8,0.000908],[102425.7,0.048804],[102425.6,0.001],[102425.5,0.020597],[102424.8,0.001408],[102424.7,0.08],[102424.5,0.008938],[102423.3,0.0006],[102422.1,0.009764],[102421.3,0.033159],[102420.9,0.000908],[102420.7,0.0005],[102419.9,0.0015],[102419.3,0.0006],[102419.1,0.000908],[102418.5,0.097651],[102418.2,0.125743],[102418.1,0.097651],[102417.7,0.01]],"asks":[[102431.0,0.996056],[102431.7,0.100507],[102431.8,0.007834],[102433.0,0.043886],[102434.2,0.051776],[102434.4,0.0323],[102435.7,0.001048],[102436.1,0.0005],[102436.5,7.4e-05],[102436.7,0.001],[102437.2,0.101484],[102437.3,0.024405],[102437.5,0.097633],[102437.7,0.004514],[102439.8,0.001141],[102439.9,0.119007],[102440.0,0.097631],[102440.9,0.001048],[102441.1,0.048808],[102441.5,0.004881]]},"raw":{}}
{"exchange":"bybit","instance_id":"B","symbol":"BTC-USD","event_ts":1762349856.23,"seq":55837228,"depth":{"last_seq":55837228,"bids":[[102430.9,0.011929],[102429.8,0.000908],[102425.7,0.048804],[102425.6,0.001],[102425.5,0.020597],[102424.8,0.001408],[102424.7,0.08],[102424.5,0.008938],[102423.3,0.0006],[102422.1,0.009764],[102421.3,0.033159],[102420.9,0.000908],[102420.7,0.0005],[102419.9,0.0015],[102419.3,0.0006],[102419.1,0.000908],[102418.5,0.097651],[102418.2,0.125743],[102418.1,0.097651],[102417.7,0.01]],"asks":[[102431.0,0.996056],[102431.7,0.100507],[102431.8,0.007834],[102433.0,0.043886],[102434.2,0.051776],[102434.4,0.0323],[102435.7,0.001048],[102436.1,0.0005],[102436.5,7.4e-05],[102436.7,0.001],[102437.2,0.101484],[102437.3,0.024405],[102437.5,0.097633],[102437.7,0.004514],[102439.8,0.001141],[102439.9,0.119007],[102440.0,0.097631],[102440.9,0.001048],[102441.1,0.048808],[102441.5,0.004881]]},"raw":{}}
{"exchange":"bybit","instance_id":"B","symbol":"BTC-USD","event_ts":1762349856.329,"seq":55837229,"depth":{"last_seq":55837229,"bids":[[102429.8,0.000908],[102425.7,0.048804],[102425.6,0.001],[102425.5,0.020597],[102424.8,0.001408],[102424.7,0.08],[102424.5,0.008938],[102423.3,0.0006],[102422.1,0.009764],[102421.3,0.033159],[102420.9,0.000908],[102420.7,0.0005],[102419.9,0.0015],[102419.3,0.0006],[102419.1,0.000908],[102418.5,0.097651],[102418.2,0.125743],[102418.1,0.097651],[102417.7,0.01],[102417.5,0.0005]],"asks":[[102431.0,0.996056],[102431.7,0.100507],[102431.8,0.007834],[102433.0,0.043886],[102434.2,0.051776],[102434.4,0.0323],[102435.7,0.001048],[102436.1,0.0005],[102436.5,7.4e-05],[102436.7,0.001],[102437.2,0.101484],[102437.3,0.024405],[102437.5,0.097633],[102437.7,0.004514],[102439.8,0.001141],[102439.9,0.119007],[102440.0,0.097631],[102440.9,0.001048],[102441.1,0.048808],[102441.5,0.004881]]},"raw":{}}
{"exchange":"bybit","instance_id":"B","symbol":"BTC-USD","event_ts":1762349856.349,"seq":55837230,"depth":{"last_seq":55837230,"bids":[[102425.7,0.05878],[102425.6,0.001],[102424.8,0.001408],[102424.7,0.08],[102424.5,0.008938],[102423.3,0.0006],[102420.9,0.000908],[102420.7,0.0005],[102420.5,0.009764],[102419.9,0.0015],[102419.3,0.0006],[102419.1,0.000908],[102418.5,0.097651],[102418.3,0.001],[102418.2,0.125743],[102418.1,0.097651],[102417.5,0.0005],[102416.5,0.000908],[102415.9,0.051776],[102415.7,0.097654]],"asks":[[102425.8,1.146694],[102427.2,0.04019],[102428.8,0.097641],[102429.8,0.532357],[102429.9,0.001112],[102430.5,0.09764],[102430.9,0.019525],[102431.0,0.173381],[102431.8,0.007834],[102434.2,0.051776],[102434.4,0.0323],[102435.0,0.048813],[102435.7,0.001048],[102436.1,0.020025],[102436.5,7.4e-05],[102436.7,0.001],[102437.2,0.101484],[102437.7,0.004514],[102439.8,0.006022],[102439.9,0.177541]]},"raw":{}}
{"exchange":"bybit","instance_id":"B","symbol":"BTC-USD","event_ts":1762349856.37,"seq":55837231,"depth":{"last_seq":55837231,"bids":[[102425.7,0.05878],[102425.6,0.001],[102424.8,0.001408],[102424.7,0.08],[102424.5,0.008864],[102423.3,0.0006],[102420.9,0.000908],[102420.7,0.0005],[102419.9,0.0015],[102419.3,0.0006],[102419.1,0.000908],[102418.5,0.097651],[102418.2,0.125743],[102418.1,0.097651],[102417.5,0.0005],[102416.5,0.000908],[102415.9,0.051776],[102415.7,0.097654],[102414.5,0.1305],[102414.2,0.000982]],"asks":[[102425.8,1.170694],[102427.2,0.04019],[102428.7,0.086366],[102428.8,0.097641],[102429.9,0.001112],[102430.5,0.09764],[102431.0,0.165381],[102431.8,0.007834],[102434.2,0.051776],[102434.3,0.062464],[102434.4,0.0323],[102435.0,0.048813],[102435.7,0.001048],[102436.1,0.020025],[102436.5,7.4e-05],[102436.7,0.001],[102437.2,0.101484],[102437.7,0.004514],[102439.8,0.006022],[102439.9,0.136725]]},"raw":{}}
{"exchange":"bybit","instance_id":"B","symbol":"BTC-USD","event_ts":1762349856.39,"seq":55837232,"depth":{"last_seq":55837232,"bids":[[102425.7,0.05878],[102425.6,0.001],[102424.8,0.001408],[102424.7,0.08],[102424.5,0.008864],[102423.3,0.0006],[102420.9,0.000908],[102420.7,0.0005],[102419.9,0.0015],[102419.3,0.0006],[102419.1,0.000908],[102418.5,0.097651],[102418.2,0.125743],[102418.1,0.097651],[102417.5,0.0005],[102416.5,0.000908],[102415.9,0.051776],[102415.7,0.097654],[102414.5,0.1305],[102414.2,0.000982]],"asks":[[102425.8,1.174694],[102427.2,0.04019],[102428.7,0.086366],[102428.8,0.097641],[102429.9,0.001112],[102430.5,0.09764],[102431.0,0.165381],[102431.8,0.007834],[102432.7,0.004249],[102434.2,0.051776],[102434.3,0.062464],[102434.4,0.0323],[102435.0,0.048813],[102435.7,0.001048],[102436.1,0.020025],[102436.5,7.4e-05],[102436.7,0.001],[102437.2,0.101484],[102437.7,0.004514],[102439.8,0.006022]]},"raw":{}}
{"exchange":"bybit","instance_id":"B","symbol":"BTC-USD","event_ts":1762349856.41,"seq":55837233,"depth":{"last_seq":55837233,"bids":[[102425.7,0.05878],[102425.6,0.001],[102424.8,0.001408],[102424.5,0.008864],[102423.3,0.0006],[102422.0,0.009764],[102420.9,0.011505],[102420.7,0.0005],[102419.9,0.0015],[102419.3,0.0006],[102419.1,0.000908],[102418.5,0.097651],[102418.2,0.125743],[102418.1,0.097651],[102417.5,0.0005],[102416.5,0.000908],[102415.9,0.051776],[102415.7,0.097654],[102414.5,0.1305],[102414.2,0.000982]],"asks":[[102425.8,1.174694],[102427.2,0.04019],[102428.7,0.086366],[102428.8,0.097641],[102429.9,0.001112],[102430.5,0.09764],[102431.0,0.165381],[102431.8,0.007834],[102432.7,0.004249],[102432.9,0.097637],[102434.2,0.051776],[102434.3,0.062464],[102434.4,0.0323],[102435.0,0.048813],[102435.7,0.001048],[102436.1,0.020025],[102436.5,7.4e-05],[102436.7,0.001],[102437.7,0.004514],[102439.7,0.004881]]},"raw":{}}
{"exchange":"bybit","instance_id":"B","symbol":"BTC-USD","event_ts":1762349856.429,"seq":55837234,"depth":{"last_seq":55837234,"bids":[[102425.7,0.057804],[102425.6,0.001],[102424.8,0.001408],[102424.5,0.008864],[102423.3,0.0006],[102420.9,0.011505],[102420.7,0.0005],[102419.9,0.0015],[102419.3,0.0006],[102418.5,0.097651],[102418.2,0.125743],[102418.1,0.097651],[102417.5,0.0005],[102416.5,0.000908],[102415.7,0.097654],[102414.5,0.1305],[102414.2,0.000982],[102413.8,0.001],[102413.1,0.0006],[102412.8,0.01]],"asks":[[102425.8,1.174694],[102427.2,0.04019],[102428.7,0.086366],[102428.8,0.097641],[102429.9,0.001112],[102430.5,0.09764],[102431.0,0.165381],[102431.8,0.007834],[102432.7,0.004249],[102432.9,0.097637],[102434.2,0.051776],[102434.3,0.032171],[102435.0,0.048813],[102435.2,0.074766],[102435.7,0.001048],[102436.1,0.020025],[102436.5,7.4e-05],[102436.7,0.001],[102437.7,0.004514],[102439.7,0.004881]]},"raw":{}}
{"exchange":"bybit","instance_id":"B","symbol":"BTC-USD","event_ts":1762349856.449,"seq":55837235,"depth":{"last_seq":55837235,"bids":[[102425.7,0.058712],[102425.6,0.001],[102424.8,0.001408],[102424.5,0.008864],[102423.3,0.0006],[102420.9,0.011505],[102420.7,0.0005],[102419.9,0.0015],[102419.3,0.0006],[102418.6,0.030594],[102418.5,0.097651],[102418.2,0.120901],[102418.1,0.097651],[102417.5,0.0005],[102416.5,0.000908],[102415.7,0.097654],[102414.5,0.1305],[102414.2,0.000982],[102413.8,0.001],[102413.1,0.0006]],"asks":[[102425.8,1.116943],[102427.2,0.04019],[102428.7,0.086366],[102428.8,0.097641],[102429.9,0.002161],[102430.5,0.09764],[102431.0,0.165381],[102431.8,0.007834],[102432.9,0.097637],[102434.1,0.060302],[102434.2,0.051776],[102435.0,0.048813],[102435.2,0.074766],[102435.7,0.001048],[102436.1,0.020025],[102436.5,7.4e-05],[102436.7,0.001],[102437.6,0.004881],[102437.7,0.009396],[102438.3,0.147585]]},"raw":{}}
{"exchange":"bybit","instance_id":"B","symbol":"BTC-USD","event_ts":1762349856.469,"seq":55837236,"depth":{"last_seq":55837236,"bids":[[102425.7,0.058712],[102425.6,0.001],[102424.8,0.001408],[102424.5,0.008864],[102423.3,0.0006],[102422.8,0.009764],[102420.9,0.011505],[102420.7,0.0005],[102419.9,0.0015],[102419.3,0.0006],[102418.6,0.030594],[102418.5,0.097651],[102418.2,0.120901],[102418.1,0.097651],[102417.5,0.0005],[102416.5,0.000908],[102415.7,0.097654],[102414.5,0.1305],[102414.2,0.000982],[102413.8,0.001]],"asks":[[102425.8,1.112943],[102427.2,0.04019],[102428.7,0.086366],[102428.8,0.097641],[102429.9,0.002161],[102430.5,0.09764],[102431.0,0.165381],[102431.8,0.007834],[102432.9,0.097637],[102434.1,0.099561],[102434.2,0.051776],[102435.0,0.048813],[102435.2,0.074766],[102435.7,0.001048],[102436.1,0.020025],[102436.5,7.4e-05],[102436.7,0.001],[102437.6,0.004881],[102437.7,0.009396],[102438.3,0.147585]]},"raw":{}}
{"exchange":"bybit","instance_id":"B","symbol":"BTC-USD","event_ts":1762349856.49,"seq":55837237,"depth":{"last_seq":55837237,"bids":[[102425.7,0.058712],[102425.6,0.001],[102424.8,0.001408],[102424.5,0.008864],[102423.3,0.0006],[102422.8,0.009764],[102420.9,0.011505],[102420.7,0.0005],[102419.9,0.0015],[102419.3,0.0006],[102418.6,0.030594],[102418.5,0.097651],[102418.2,0.120901],[102418.1,0.097651],[102417.5,0.0005],[102416.5,0.000908],[102415.7,0.097654],[102414.5,0.1305],[102414.2,0.000982],[102413.8,0.001]],"asks":[[102425.8,1.100943],[102427.2,0.04019],[102428.7,0.086366],[102428.8,0.097641],[102429.9,0.002161],[102430.5,0.09764],[102431.0,0.034881],[102431.8,0.007834],[102432.9,0.097637],[102434.1,0.099561],[102434.2,0.051776],[102435.0,0.048813],[102435.2,0.074766],[102435.7,0.001048],[102436.1,0.020025],[102436.5,7.4e-05],[102436.7,0.001],[102437.6,0.004881],[102437.7,0.009396],[102438.3,0.147585]]},"raw":{}}
{"exchange":"bybit","instance_id":"B","symbol":"BTC-USD","event_ts":1762349856.509,"seq":55837238,"depth":{"last_seq":55837238,"bids":[[102425.7,0.175312],[102425.6,0.001],[102424.8,0.001408],[102424.5,0.008864],[102423.4,0.009764],[102423.3,0.0006],[102420.9,0.011505],[102420.7,0.0005],[102419.9,0.0015],[102419.3,0.0006],[102418.6,0.030594],[102418.5,0.097651],[102418.2,0.120901],[102418.1,0.097651],[102417.5,0.0005],[102416.5,0.000908],[102415.7,0.097654],[102414.5,0.1305],[102414.2,0.000982],[102413.8,0.001]],"asks":[[102425.8,1.201943],[102427.2,0.04019],[102428.7,0.086366],[102428.8,0.097641],[102429.9,0.002161],[102430.5,0.09764],[102431.0,0.034881],[102431.8,0.007834],[102432.9,0.097637],[102434.1,0.099561],[102434.2,0.051776],[102435.0,0.048813],[102435.2,0.074766],[102435.7,0.001048],[102435.8,0.048809],[102436.1,0.020025],[102436.5,7.4e-05],[102436.7,0.001],[102437.6,0.004881],[102437.7,0.009396]]},"raw":{}}
{"exchange":"bybit","instance_id":"B","symbol":"BTC-USD","event_ts":1762349856.53,"seq":55837239,"depth":{"last_seq":55837239,"bids":[[102425.7,0.175812],[102425.6,0.001],[102424.8,0.001408],[102424.5,0.008864],[102423.4,0.009764],[102423.3,0.0006],[102420.9,0.011505],[102420.7,0.0005],[102419.9,0.0015],[102419.3,0.0006],[102418.6,0.030594],[102418.5,0.097651],[102418.2,0.120901],[102418.1,0.097651],[102417.5,0.0005],[102416.5,0.000908],[102415.7,0.097654],[102414.5,0.1305],[102414.2,0.000982],[102413.8,0.001]],"asks":[[102425.8,1.215943],[102427.2,0.04019],[102428.7,0.086366],[102428.8,0.097641],[102429.9,0.002161],[102430.5,0.09764],[102431.0,0.034881],[102431.8,0.007834],[102432.9,0.097637],[102434.1,0.099561],[102434.2,0.051776],[102435.0,0.048813],[102435.2,0.074766],[102435.7,0.001048],[102435.8,0.048809],[102436.1,0.020025],[102436.5,7.4e-05],[102436.7,0.001],[102437.7,0.009396],[102438.2,0.004881]]},"raw":{}}
{"exchange":"bybit","instance_id":"B","symbol":"BTC-USD","event_ts":1762349856.549,"seq":55837240,"depth":{"last_seq":55837240,"bids":[[102425.7,0.127008],[102425.6,0.001],[102424.8,0.001408],[102424.5,0.008864],[102423.4,0.009764],[102423.3,0.0006],[102420.9,0.011505],[102420.7,0.0005],[102419.9,0.0015],[102419.3,0.0006],[102418.6,0.030594],[102418.5,0.097651],[102418.2,0.120901],[102418.1,0.097651],[102417.5,0.0005],[102416.5,0.000908],[102415.7,0.097654],[102414.5,0.1305],[102414.2,0.000982],[102413.8,0.001]],"asks":[[102425.8,1.215943],[102427.2,0.04019],[102428.7,0.086366],[102428.8,0.097641],[102429.9,0.002161],[102430.5,0.09764],[102431.0,0.034881],[102431.8,0.007834],[102432.9,0.097637],[102434.1,0.099561],[102434.2,0.051776],[102435.0,0.048813],[102435.2,0.074766],[102435.7,0.001048],[102435.8,0.048809],[102436.1,0.020025],[102436.5,7.4e-05],[102436.7,0.001],[102437.7,0.009396],[102438.2,0.004881]]},"raw":{}}
{"exchange":"bybit","instance_id":"B","symbol":"BTC-USD","event_ts":1762349856.569,"seq":55837241,"depth":{"last_seq":55837241,"bids":[[102425.7,0.127008],[102425.6,0.001],[102424.8,0.001408],[102424.5,0.008864],[102423.4,0.009764],[102423.3,0.0006],[102420.9,0.011505],[102420.7,0.0005],[102419.9,0.0015],[102419.3,0.0006],[102418.6,0.030594],[102418.5,0.097651],[102418.2,0.120901],[102418.1,0.097651],[102417.5,0.0005],[102416.5,0.000908],[102415.7,0.097654],[102414.5,0.1305],[102414.2,0.000982],[102413.8,0.001]],"asks":[[102425.8,1.211694],[102427.2,0.04019],[102428.7,0.086366],[102428.8,0.097641],[102429.9,0.001049],[102430.5,0.09764],[102431.0,0.034881],[102431.8,0.007834],[102432.9,0.097637],[102434.1,0.099561],[102434.2,0.051776],[102435.0,0.048813],[102435.2,0.074766],[102435.7,0.001048],[102435.8,0.048809],[102436.1,0.020025],[102436.5,7.4e-05],[102436.7,0.001],[102437.7,0.009396],[102438.3,0.147585]]},"raw":{}}
{"exchange":"bybit","instance_id":"B","symbol":"BTC-USD","event_ts":1762349856.59,"seq":55837242,"depth":{"last_seq":55837242,"bids":[[102425.7,0.127008],[102425.6,0.001],[102424.8,0.001408],[102424.5,0.008864],[102423.3,0.0006],[102422.4,0.009764],[102420.9,0.011505],[102420.7,0.0005],[102419.9,0.0015],[102419.3,0.0006],[102418.6,0.030594],[102418.5,0.097651],[102418.2,0.120901],[102418.1,0.097651],[102417.5,0.0005],[102416.5,0.000908],[102415.7,0.097654],[102414.5,0.1305],[102414.2,0.000982],[102413.8,0.001]],"asks":[[102425.8,1.211694],[102427.2,0.04019],[102428.7,0.086366],[102428.8,0.097641],[102429.9,0.001049],[102430.5,0.09764],[102431.0,0.034881],[102431.8,0.007834],[102432.9,0.097637],[102434.1,0.099561],[102434.2,0.051776],[102435.0,0.048813],[102435.2,0.074766],[102435.7,0.001048],[102435.8,0.048809],[102436.1,0.020025],[102436.5,7.4e-05],[102436.7,0.001],[102437.7,0.009396],[102438.3,0.147585]]},"raw":{}}
{"exchange":"bybit","instance_id":"B","symbol":"BTC-USD","event_ts":1762349856.61,"seq":55837243,"depth":{"last_seq":55837243,"bids":[[102425.7,0.127008],[102425.6,0.001],[102424.8,0.001408],[102424.5,0.008864],[102423.3,0.0006],[102422.4,0.009764],[102420.9,0.011505],[102420.7,0.0005],[102419.9,0.0015],[102419.5,0.08],[102419.3,0.0006],[102418.6,0.030594],[102418.5,0.097651],[102418.2,0.120901],[102418.1,0.097651],[102417.5,0.0005],[102416.5,0.000908],[102415.7,0.097654],[102414.5,0.1305],[102414.2,0.000982]],"asks":[[102425.8,1.211694],[102427.2,0.04019],[102428.7,0.086366],[102428.8,0.097641],[102429.9,0.001049],[102430.5,0.09764],[102431.0,0.034881],[102431.8,0.007834],[102432.0,0.101484],[102432.9,0.097637],[102434.1,0.099561],[102434.2,0.051776],[102435.0,0.048813],[102435.2,0.074766],[102435.7,0.001048],[102435.8,0.048809],[102436.1,0.020025],[102436.5,7.4e-05],[102436.7,0.001],[102437.7,0.009396]]},"raw":{}}
{"exchange":"bybit","instance_id":"B","symbol":"BTC-USD","event_ts":1762349856.629,"seq":55837244,"depth":{"last_seq":55837244,"bids":[[102425.7,0.129937],[102425.6,0.001],[102424.8,0.001408],[102424.5,0.008864],[102423.3,0.0006],[102422.4,0.009764],[102420.9,0.011505],[102420.7,0.0005],[102419.9,0.0015],[102419.5,0.08],[102419.3,0.0006],[102418.6,0.030594],[102418.5,0.097651],[102418.2,0.120901],[102418.1,0.097651],[102417.5,0.0005],[102416.5,0.000908],[102415.7,0.097654],[102414.5,0.1305],[102414.2,0.000982]],"asks":[[102425.8,1.211694],[102427.2,0.04019],[102428.7,0.086366],[102428.8,0.097641],[102429.9,0.001049],[102430.5,0.09764],[102431.0,0.034881],[102431.8,0.007834],[102432.0,0.101484],[102432.9,0.097637],[102434.1,0.099561],[102434.2,0.051776],[102435.0,0.048813],[102435.2,0.074766],[102435.7,0.001048],[102435.8,0.048809],[102436.1,0.020025],[102436.5,7.4e-05],[102436.7,0.001],[102437.7,0.009396]]},"raw":{}}
{"exchange":"bybit","instance_id":"B","symbol":"BTC-USD","event_ts":1762349856.65,"seq":55837245,"depth":{"last_seq":55837245,"bids":[[102425.7,0.129937],[102425.6,0.001],[102424.8,0.001408],[102424.5,0.008864],[102423.3,0.0006],[102422.4,0.009764],[102420.9,0.011505],[102420.7,0.0005],[102420.4,0.048806],[102419.9,0.0015],[102419.5,0.08],[102419.3,0.0006],[102418.6,0.030594],[102418.5,0.097651],[102418.2,0.120901],[102418.1,0.097651],[102417.5,0.0005],[102416.5,0.000908],[102415.7,0.097654],[102414.5,0.1305]],"asks":[[102425.8,1.212194],[102427.2,0.04019],[102428.7,0.119751],[102428.8,0.097641],[102429.9,0.001049],[102430.5,0.09764],[102431.0,0.034881],[102431.8,0.007834],[102432.0,0.101484],[102432.9,0.097637],[102434.1,0.099561],[102434.2,0.051776],[102435.0,0.048813],[102435.2,0.074766],[102435.7,0.001048],[102435.8,0.048809],[102436.1,0.020025],[102436.5,7.4e-05],[102436.7,0.001],[102437.7,0.009396]]},"raw":{}}
{"exchange":"bybit","instance_id":"B","symbol":"BTC-USD","event_ts":1762349856.669,"seq":55837246,"depth":{"last_seq":55837246,"bids":[[102425.7,0.129937],[102425.6,0.001],[102424.8,0.001408],[102424.5,0.008864],[102423.3,0.0006],[102420.9,0.011505],[102420.7,0.0005],[102420.4,0.048806],[102419.9,0.0015],[102419.5,0.08],[102419.3,0.0006],[102418.6,0.030594],[102418.5,0.097651],[102418.2,0.120901],[102418.1,0.097651],[102417.5,0.0005],[102416.5,0.000908],[102415.7,0.097654],[102414.5,0.1305],[102414.2,0.000982]],"asks":[[102425.8,1.212194],[102427.2,0.04019],[102428.7,0.119751],[102428.8,0.097641],[102429.9,0.001049],[102430.5,0.09764],[102431.0,0.034881],[102431.8,0.007834],[102432.0,0.101484],[102432.9,0.097637],[102434.1,0.099561],[102434.2,0.051776],[102435.0,0.048813],[102435.2,0.074766],[102435.7,0.001048],[102435.8,0.048809],[102436.1,0.020025],[102436.5,7.4e-05],[102436.7,0.001],[102437.7,0.009396]]},"raw":{}}
{"exchange":"bybit","instance_id":"B","symbol":"BTC-USD","event_ts":1762349856.689,"seq":55837247,"depth":{"last_seq":55837247,"bids":[[102425.7,0.129937],[102425.6,0.001],[102424.8,0.001408],[102424.5,0.008864],[102423.3,0.0006],[102420.9,0.021269],[102420.7,0.0005],[102420.4,0.048806],[102419.9,0.0015],[102419.5,0.08],[102419.3,0.0006],[102418.6,0.030594],[102418.5,0.097651],[102418.2,0.120901],[102418.1,0.097651],[102417.5,0.0005],[102416.5,0.000908],[102415.7,0.097654],[102414.5,0.1305],[102414.2,0.000982]],"asks":[[102425.8,1.212194],[102427.2,0.04019],[102428.7,0.119751],[102428.8,0.097641],[102429.9,0.001049],[102430.5,0.09764],[102431.0,0.034881],[102431.8,0.007834],[102432.0,0.101484],[102432.9,0.097637],[102434.1,0.099561],[102434.2,0.051776],[102435.0,0.048813],[102435.2,0.074766],[102435.7,0.001048],[102435.8,0.048809],[102436.1,0.020025],[102436.5,7.4e-05],[102436.7,0.001],[102437.7,0.009396]]},"raw":{}}
{"exchange":"bybit","instance_id":"B","symbol":"BTC-USD","event_ts":1762349856.71,"seq":55837248,"depth":{"last_seq":55837248,"bids":[[102425.7,0.129937],[102425.6,0.001],[102424.8,0.001408],[102424.5,0.008864],[102423.3,0.0006],[102420.9,0.021269],[102420.7,0.0005],[102420.4,0.048806],[102419.9,0.0015],[102419.5,0.08],[102419.3,0.0006],[102418.6,0.030594],[102418.5,0.097651],[102418.2,0.120901],[102418.1,0.097651],[102417.5,0.0005],[102416.5,0.000908],[102415.7,0.097654],[102414.5,0.1305],[102414.2,0.000982]],"asks":[[102425.8,1.212194],[102427.2,0.04019],[102428.7,0.119751],[102428.8,0.097641],[102429.9,0.001049],[102430.5,0.09764],[102431.0,0.034881],[102431.8,0.007834],[102432.0,0.101484],[102432.9,0.097637],[102434.1,0.099561],[102434.2,0.051776],[102435.0,0.048813],[102435.2,0.074766],[102435.7,0.001048],[102435.8,0.048809],[102436.1,0.020025],[102436.5,7.4e-05],[102436.7,0.001],[102437.7,0.009396]]},"raw":{}}
{"exchange":"bybit","instance_id":"B","symbol":"BTC-USD","event_ts":1762349856.729,"seq":55837249,"depth":{"last_seq":55837249,"bids":[[102425.7,0.129937],[102425.6,0.001],[102424.8,0.001408],[102424.5,0.008864],[102423.3,0.0006],[102420.9,0.021269],[102420.7,0.0005],[102420.4,0.048806],[102419.9,0.0015],[102419.5,0.08],[102419.3,0.0006],[102418.6,0.030594],[102418.5,0.097651],[102418.2,0.120901],[102418.1,0.097651],[102417.5,0.0005],[102416.5,0.000908],[102415.7,0.097654],[102414.5,0.1305],[102414.2,0.000982]],"asks":[[102425.8,1.212194],[102427.2,0.04019],[102428.7,0.119751],[102428.8,0.097641],[102429.9,0.001049],[102430.5,0.09764],[102431.0,0.034881],[102431.8,0.007834],[102432.0,0.101484],[102432.9,0.097637],[102434.1,0.099561],[102434.2,0.051776],[102435.0,0.048813],[102435.2,0.074766],[102435.7,0.001048],[102435.8,0.048809],[102436.1,0.020025],[102436.5,7.4e-05],[102436.7,0.001],[102437.7,0.009396]]},"raw":{}}
{"exchange":"bybit","instance_id":"B","symbol":"BTC-USD","event_ts":1762349856.749,"seq":55837250,"depth":{"last_seq":55837250,"bids":[[102425.7,0.232137],[102425.6,0.001],[102424.8,0.001408],[102424.5,0.008864],[102423.3,0.0006],[102421.2,0.009764],[102420.9,0.011505],[102420.7,0.0005],[102420.4,0.048806],[102419.9,0.0015],[102419.5,0.08],[102419.3,0.0006],[102418.6,0.030594],[102418.5,0.097651],[102418.2,0.120901],[102418.1,0.097651],[102417.5,0.0005],[102416.5,0.000908],[102415.7,0.097654],[102414.5,0.1305]],"asks":[[102425.8,1.212194],[102427.2,0.04019],[102428.7,0.119751],[102428.8,0.097641],[102429.9,0.001049],[102430.5,0.09764],[102431.0,0.034881],[102431.8,0.007834],[102432.0,0.101484],[102432.9,0.097637],[102434.1,0.099561],[102434.2,0.051776],[102435.0,0.048813],[102435.2,0.074766],[102435.7,0.001048],[102435.8,0.048809],[102436.1,0.020025],[102436.5,7.4e-05],[102436.7,0.001],[102437.7,0.009396]]},"raw":{}}
{"exchange":"bybit","instance_id":"B","symbol":"BTC-USD","event_ts":1762349856.769,"seq":55837251,"depth":{"last_seq":55837251,"bids":[[102425.7,0.232137],[102425.6,0.001],[102424.8,0.001408],[102424.5,0.008864],[102423.3,0.0006],[102420.9,0.011505],[102420.7,0.0005],[102420.4,0.048806],[102419.9,0.0015],[102419.5,0.08],[102419.3,0.0006],[102418.6,0.030594],[102418.5,0.097651],[102418.2,0.120901],[102418.1,0.097651],[102417.5,0.0005],[102416.5,0.000908],[102415.7,0.097654],[102414.5,0.1305],[102414.2,0.000982]],"asks":[[102425.8,1.216194],[102427.2,0.04019],[102428.7,0.119751],[102428.8,0.097641],[102429.9,0.001049],[102430.5,0.09764],[102431.0,0.034881],[102431.8,0.007834],[102432.0,0.101484],[102432.9,0.097637],[102434.1,0.099561],[102434.2,0.051776],[102435.0,0.048813],[102435.2,0.074766],[102435.7,0.001048],[102435.8,0.048809],[102436.1,0.020025],[102436.5,7.4e-05],[102436.7,0.001],[102437.7,0.009396]]},"raw":{}}
{"exchange":"bybit","instance_id":"B","symbol":"BTC-USD","event_ts":1762349856.79,"seq":55837252,"depth":{"last_seq":55837252,"bids":[[102425.7,0.241137],[102425.6,0.001],[102424.8,0.001408],[102424.6,0.009764],[102424.5,0.008864],[102423.3,0.0006],[102420.9,0.011505],[102420.7,0.0005],[102420.4,0.048806],[102419.9,0.0015],[102419.5,0.08],[102419.3,0.0006],[102418.6,0.030594],[102418.5,0.097651],[102418.2,0.120901],[102418.1,0.097651],[102417.5,0.0005],[102416.5,0.000908],[102415.7,0.097654],[102414.5,0.1305]],"asks":[[102425.8,1.160329],[102427.2,0.04019],[102428.7,0.119751],[102428.8,0.097641],[102429.9,0.001049],[102430.5,0.09764],[102431.0,0.034881],[102431.8,0.007834],[102432.0,0.101484],[102432.9,0.097637],[102434.1,0.099561],[102434.2,0.051776],[102435.0,0.048813],[102435.2,0.074766],[102435.7,0.001048],[102435.8,0.048809],[102436.1,0.020025],[102436.5,7.4e-05],[102436.7,0.001],[102437.7,0.009396]]},"raw":{}}
{"exchange":"bybit","instance_id":"B","symbol":"BTC-USD","event_ts":1762349856.81,"seq":55837253,"depth":{"last_seq":55837253,"bids":[[102425.7,0.241137],[102425.6,0.001],[102424.8,0.001408],[102424.6,0.009764],[102424.5,0.008864],[102423.3,0.0006],[102420.9,0.011505],[102420.7,0.0005],[102420.4,0.048806],[102419.9,0.0015],[102419.5,0.08],[102419.3,0.0006],[102418.6,0.030594],[102418.5,0.097651],[102418.2,0.120901],[102418.1,0.097651],[102417.5,0.0005],[102416.5,0.000908],[102415.7,0.097654],[102414.5,0.1305]],"asks":[[102425.8,1.160329],[102427.2,0.04019],[102428.7,0.119751],[102428.8,0.097641],[102429.9,0.001049],[102430.5,0.09764],[102431.0,0.034881],[102431.8,0.007834],[102432.0,0.101484],[102432.9,0.097637],[102434.1,0.099561],[102434.2,0.051776],[102435.0,0.048813],[102435.2,0.074766],[102435.7,0.001048],[102435.8,0.048809],[102436.1,0.020025],[102436.5,7.4e-05],[102436.7,0.001],[102437.7,0.009396]]},"raw":{}}
{"exchange":"bybit","instance_id":"B","symbol":"BTC-USD","event_ts":1762349856.829,"seq":55837254,"depth":{"last_seq":55837254,"bids":[[102425.7,0.241137],[102425.6,0.001],[102424.8,0.001408],[102424.6,0.009764],[102424.5,0.008864],[102423.3,0.0006],[102420.9,0.011505],[102420.7,0.0005],[102420.4,0.048806],[102419.9,0.0015],[102419.5,0.08],[102419.3,0.0006],[102418.6,0.030594],[102418.5,0.097651],[102418.2,0.120901],[102418.1,0.097651],[102417.5,0.0005],[102416.5,0.000908],[102415.7,0.097654],[102414.5,0.1305]],"asks":[[102425.8,1.160329],[102427.2,0.04019],[102428.7,0.119751],[102428.8,0.097641],[102429.9,0.001049],[102430.5,0.09764],[102431.0,0.034881],[102431.8,0.007834],[102432.0,0.101484],[102432.9,0.097637],[102434.1,0.099561],[102434.2,0.051776],[102435.0,0.048813],[102435.2,0.074766],[102435.7,0.001048],[102435.8,0.048809],[102436.1,0.020025],[102436.5,7.4e-05],[102436.7,0.001],[102437.7,0.009396]]},"raw":{}}
{"exchange":"bybit","instance_id":"B","symbol":"BTC-USD","event_ts":1762349856.85,"seq":55837255,"depth":{"last_seq":55837255,"bids":[[102425.7,0.241137],[102425.6,0.001],[102425.5,0.009764],[102424.8,0.001408],[102424.5,0.008864],[102423.3,0.0006],[102420.9,0.011505],[102420.7,0.0005],[102420.4,0.048806],[102419.9,0.0015],[102419.5,0.08],[102419.3,0.0006],[102418.6,0.030594],[102418.5,0.097651],[102418.2,0.120901],[102418.1,0.097651],[102417.5,0.0005],[102416.5,0.000908],[102415.7,0.097654],[102414.5,0.1305]],"asks":[[102425.8,1.160329],[102427.2,0.04019],[102428.7,0.119751],[102428.8,0.097641],[102429.9,0.001049],[102430.5,0.09764],[102431.0,0.034881],[102431.8,0.007834],[102432.0,0.101484],[102432.9,0.097637],[102434.1,0.099561],[102434.2,0.051776],[102435.0,0.048813],[102435.2,0.074766],[102435.7,0.001048],[102435.8,0.048809],[102436.1,0.020025],[102436.5,7.4e-05],[102436.7,0.001],[102437.7,0.009396]]},"raw":{}}
{"exchange":"bybit","instance_id":"B","symbol":"BTC-USD","event_ts":1762349856.869,"seq":55837256,"depth":{"last_seq":55837256,"bids":[[102425.7,0.241137],[102425.6,0.001],[102425.5,0.009764],[102424.8,0.001408],[102424.5,0.008864],[102423.3,0.0006],[102420.9,0.011505],[102420.7,0.0005],[102420.4,0.048806],[102419.9,0.0015],[102419.5,0.08],[102419.3,0.0006],[102418.6,0.030594],[102418.5,0.097651],[102418.2,0.120901],[102418.1,0.097651],[102417.5,0.0005],[102416.5,0.000908],[102415.7,0.097654],[102414.5,0.1305]],"asks":[[102425.8,1.16521],[102427.2,0.04019],[102428.7,0.119751],[102428.8,0.097641],[102429.9,0.001049],[102430.5,0.09764],[102431.0,0.03],[102431.8,0.007834],[102432.0,0.101484],[102432.9,0.097637],[102434.1,0.099561],[102434.2,0.051776],[102435.0,0.048813],[102435.2,0.074766],[102435.7,0.001048],[102435.8,0.048809],[102436.1,0.020025],[102436.5,7.4e-05],[102436.7,0.001],[102437.7,0.009396]]},"raw":{}}
{"exchange":"bybit","instance_id":"B","symbol":"BTC-USD","event_ts":1762349856.909,"seq":55837257,"depth":{"last_seq":55837257,"bids":[[102425.7,0.241137],[102425.6,0.001],[102425.5,0.009764],[102424.8,0.001408],[102424.5,0.008864],[102423.3,0.0006],[102420.9,0.011505],[102420.7,0.0005],[102420.4,0.048806],[102419.9,0.0015],[102419.5,0.08],[102419.3,0.0006],[102418.6,0.030594],[102418.5,0.097651],[102418.2,0.120901],[102418.1,0.097651],[102417.5,0.0005],[102416.5,0.000908],[102415.7,0.097654],[102414.5,0.1305]],"asks":[[102425.8,1.16921],[102427.2,0.04019],[102428.7,0.119751],[102428.8,0.097641],[102429.9,0.001049],[102430.5,0.09764],[102431.0,0.03],[102431.8,0.007834],[102432.0,0.101484],[102432.9,0.097637],[102434.1,0.099561],[102434.2,0.051776],[102435.0,0.048813],[102435.2,0.074766],[102435.7,0.001048],[102435.8,0.048809],[102436.1,0.020025],[102436.5,7.4e-05],[102436.7,0.001],[102437.7,0.009396]]},"raw":{}}
{"exchange":"bybit","instance_id":"B","symbol":"BTC-USD","event_ts":1762349857.01,"seq":55837258,"depth":{"last_seq":55837258,"bids":[[102425.7,0.241637],[102425.6,0.001],[102425.5,0.009764],[102424.8,0.001408],[102424.5,0.008864],[102423.3,0.0006],[102420.9,0.011505],[102420.7,0.0005],[102420.5,0.068224],[102420.4,0.048806],[102419.9,0.0015],[102419.5,0.08],[102419.3,0.0006],[102418.5,0.097651],[102418.2,0.120901],[102418.1,0.097651],[102417.5,0.0005],[102416.5,0.000908],[102415.7,0.097654],[102414.5,0.1305]],"asks":[[102425.8,1.16921],[102427.2,0.04019],[102428.7,0.119751],[102428.8,0.097641],[102429.9,0.001049],[102430.5,0.09764],[102431.0,0.03],[102431.8,0.007834],[102432.0,0.101484],[102432.9,0.097637],[102434.1,0.099561],[102434.2,0.051776],[102435.0,0.048813],[102435.2,0.074766],[102435.7,0.001048],[102435.8,0.048809],[102436.1,0.020025],[102436.5,7.4e-05],[102436.7,0.001],[102437.7,0.009396]]},"raw":{}}
{"exchange":"bybit","instance_id":"B","symbol":"BTC-USD","event_ts":1762349857.03,"seq":55837259,"depth":{"last_seq":55837259,"bids":[[102425.7,0.241637],[102425.6,0.001],[102425.5,0.009764],[102424.8,0.001408],[102424.5,0.008864],[102423.3,0.0006],[102420.9,0.011505],[102420.7,0.0005],[102420.5,0.068224],[102420.4,0.048806],[102419.9,0.0015],[102419.5,0.08],[102419.3,0.0006],[102418.5,0.097651],[102418.2,0.120901],[102418.1,0.097651],[102417.5,0.0005],[102416.5,0.000908],[102415.7,0.097654],[102414.5,0.1305]],"asks":[[102425.8,1.16921],[102427.2,0.04019],[102428.7,0.119751],[102428.8,0.097641],[102429.9,0.001049],[102430.5,0.09764],[102431.0,0.03],[102431.8,0.007834],[102432.0,0.101484],[102432.9,0.097637],[102434.1,0.099561],[102434.2,0.051776],[102435.0,0.048813],[102435.2,0.074766],[102435.7,0.001048],[102435.8,0.048809],[102436.1,0.020025],[102436.5,7.4e-05],[102436.7,0.001],[102437.7,0.009396]]},"raw":{}}
{"exchange":"bybit","instance_id":"B","symbol":"BTC-USD","event_ts":1762349857.049,"seq":55837260,"depth":{"last_seq":55837260,"bids":[[102425.7,0.241637],[102425.6,0.001],[102425.5,0.009764],[102424.8,0.001408],[102424.5,0.008864],[102423.3,0.0006],[102420.9,0.011505],[102420.7,0.0005],[102420.5,0.068224],[102420.4,0.048806],[102419.9,0.0015],[102419.5,0.08],[102419.3,0.0006],[102418.5,0.097651],[102418.2,0.120901],[102418.1,0.097651],[102417.5,0.0005],[102416.5,0.000908],[102415.7,0.097654],[102414.5,0.1305]],"asks":[[102425.8,1.16921],[102427.2,0.04019],[102428.7,0.119751],[102428.8,0.097641],[102429.9,0.001049],[102430.5,0.09764],[102431.0,0.03],[102431.8,0.007834],[102432.0,0.101484],[102432.9,0.097637],[102434.1,0.099561],[102434.2,0.051776],[102435.0,0.048813],[102435.2,0.074766],[102435.7,0.001048],[102435.8,0.048809],[102436.1,0.020025],[102436.5,7.4e-05],[102436.7,0.001],[102437.7,0.009396]]},"raw":{}}
{"exchange":"bybit","instance_id":"B","symbol":"BTC-USD","event_ts":1762349857.07,"seq":55837261,"depth":{"last_seq":55837261,"bids":[[102425.7,0.241637],[102425.6,0.001],[102425.5,0.009764],[102424.8,0.001408],[102424.5,0.008864],[102423.3,0.0006],[102420.9,0.011505],[102420.7,0.0005],[102420.5,0.068224],[102420.4,0.048806],[102419.9,0.0015],[102419.5,0.08],[102419.3,0.0006],[102418.5,0.097651],[102418.2,0.120901],[102418.1,0.097651],[102417.5,0.0005],[102416.5,0.000908],[102415.7,0.097654],[102414.5,0.1305]],"asks":[[102425.8,1.16921],[102427.2,0.04019],[102428.7,0.119751],[102428.8,0.097641],[102429.9,0.001049],[102430.5,0.09764],[102431.0,0.03],[102431.8,0.007834],[102432.0,0.101484],[102432.9,0.097637],[102434.1,0.099561],[102434.2,0.051776],[102435.0,0.048813],[102435.2,0.074766],[102435.7,0.001048],[102435.8,0.048809],[102436.1,0.020025],[102436.5,7.4e-05],[102436.7,0.001],[102437.7,0.009396]]},"raw":{}}
{"exchange":"bybit","instance_id":"B","symbol":"BTC-USD","event_ts":1762349857.089,"seq":55837262,"depth":{"last_seq":55837262,"bids":[[102425.7,0.241637],[102425.6,0.001],[102425.5,0.009764],[102424.8,0.001408],[102424.5,0.008864],[102423.3,0.0006],[102420.9,0.011505],[102420.7,0.0005],[102420.5,0.068224],[102420.4,0.048806],[102419.9,0.0015],[102419.5,0.08],[102419.3,0.0006],[102418.5,0.097651],[102418.2,0.120901],[102418.1,0.097651],[102417.5,0.0005],[102416.5,0.000908],[102415.7,0.097654],[102414.5,0.1305]],"asks":[[102425.8,1.16921],[102427.2,0.04019],[102428.7,0.119751],[102428.8,0.097641],[102429.9,0.001049],[102430.5,0.09764],[102431.0,0.03],[102431.8,0.007834],[102432.0,0.101484],[102432.9,0.097637],[102434.1,0.099561],[102434.2,0.051776],[102435.0,0.048813],[102435.2,0.074766],[102435.7,0.001048],[102435.8,0.048809],[102436.1,0.020025],[102436.5,7.4e-05],[102436.7,0.001],[102437.7,0.009396]]},"raw":{}}
{"exchange":"bybit","instance_id":"B","symbol":"BTC-USD","event_ts":1762349857.11,"seq":55837263,"depth":{"last_seq":55837263,"bids":[[102425.7,0.241637],[102425.6,0.001],[102425.5,0.009764],[102424.8,0.001408],[102424.5,0.008864],[102423.3,0.0006],[102420.9,0.011505],[102420.7,0.0005],[102420.5,0.068224],[102420.4,0.048806],[102419.9,0.0015],[102419.5,0.08],[102419.3,0.0006],[102418.5,0.097651],[102418.2,0.120901],[102418.1,0.097651],[102417.5,0.0005],[102416.5,0.000908],[102415.7,0.097654],[102414.5,0.1305]],"asks":[[102425.8,1.16921],[102427.2,0.04019],[102428.7,0.119751],[102428.8,0.097641],[102429.9,0.001049],[102430.5,0.09764],[102431.0,0.03],[102431.8,0.007834],[102432.0,0.101484],[102432.9,0.097637],[102434.1,0.099561],[102434.2,0.051776],[102435.0,0.048813],[102435.2,0.074766],[102435.7,0.001048],[102435.8,0.048809],[102436.1,0.020025],[102436.5,7.4e-05],[102436.7,0.001],[102437.7,0.009396]]},"raw":{}}
{"exchange":"bybit","instance_id":"B","symbol":"BTC-USD","event_ts":1762349857.129,"seq":55837264,"depth":{"last_seq":55837264,"bids":[[102425.7,0.241637],[102425.6,0.001],[102425.5,0.009764],[102424.8,0.001408],[102424.5,0.008864],[102423.3,0.0006],[102420.9,0.011505],[102420.7,0.0005],[102420.5,0.068224],[102420.4,0.048806],[102419.9,0.0015],[102419.5,0.08],[102419.3,0.0006],[102418.5,0.097651],[102418.2,0.120901],[102418.1,0.097651],[102417.5,0.0005],[102416.5,0.000908],[102415.7,0.097654],[102414.5,0.1305]],"asks":[[102425.8,1.16921],[102427.2,0.04019],[102428.7,0.119751],[102428.8,0.097641],[102429.9,0.001049],[102430.5,0.09764],[102431.0,0.03],[102431.8,0.007834],[102432.0,0.101484],[102432.9,0.097637],[102434.1,0.099561],[102434.2,0.051776],[102435.0,0.048813],[102435.2,0.074766],[102435.7,0.001048],[102435.8,0.048809],[102436.1,0.020025],[102436.5,7.4e-05],[102436.7,0.001],[102437.7,0.009396]]},"raw":{}}
{"exchange":"bybit","instance_id":"B","symbol":"BTC-USD","event_ts":1762349857.269,"seq":55837265,"depth":{"last_seq":55837265,"bids":[[102425.7,0.241637],[102425.6,0.001],[102425.5,0.009764],[102424.8,0.001408],[102424.5,0.008864],[102423.3,0.0006],[102420.9,0.011505],[102420.7,0.0005],[102420.5,0.068224],[102420.4,0.048806],[102419.9,0.0015],[102419.5,0.08],[102419.3,0.0006],[102418.5,0.097651],[102418.2,0.120901],[102418.1,0.097651],[102417.5,0.0005],[102416.5,0.000908],[102415.7,0.097654],[102414.5,0.1305]],"asks":[[102425.8,1.16921],[102427.2,0.04019],[102428.7,0.119751],[102428.8,0.097641],[102429.9,0.001049],[102430.5,0.09764],[102431.0,0.03],[102431.8,0.007834],[102432.0,0.101484],[102432.9,0.097637],[102434.1,0.099561],[102434.2,0.051776],[102435.0,0.048813],[102435.2,0.074766],[102435.7,0.001048],[102435.8,0.048809],[102436.1,0.020025],[102436.5,7.4e-05],[102436.7,0.001],[102437.7,0.009396]]},"raw":{}}
{"exchange":"bybit","instance_id":"B","symbol":"BTC-USD","event_ts":1762349857.309,"seq":55837266,"depth":{"last_seq":55837266,"bids":[[102425.7,0.241637],[102425.6,0.001],[102425.5,0.009764],[102424.8,0.001408],[102424.5,0.008864],[102423.3,0.0006],[102422.2,0.097647],[102420.9,0.011505],[102420.7,0.0005],[102420.5,0.068224],[102420.4,0.048806],[102419.9,0.0015],[102419.5,0.08],[102419.3,0.0006],[102418.5,0.097651],[102418.2,0.120901],[102418.1,0.097651],[102417.5,0.0005],[102416.5,0.000908],[102414.5,0.1305]],"asks":[[102425.8,1.16921],[102427.2,0.04019],[102428.7,0.119751],[102428.8,0.097641],[102429.9,0.001049],[102430.5,0.09764],[102431.0,0.03],[102431.8,0.007834],[102432.0,0.101484],[102432.9,0.097637],[102434.1,0.099561],[102434.2,0.051776],[102435.0,0.048813],[102435.2,0.074766],[102435.7,0.001048],[102435.8,0.048809],[102436.1,0.020025],[102436.5,7.4e-05],[102436.7,0.001],[102437.7,0.009396]]},"raw":{}}
{"exchange":"bybit","instance_id":"B","symbol":"BTC-USD","event_ts":1762349857.33,"seq":55837267,"depth":{"last_seq":55837267,"bids":[[102425.7,0.241637],[102425.6,0.001],[102425.5,0.009764],[102424.8,0.001408],[102424.5,0.008864],[102423.3,0.0006],[102422.2,0.097647],[102420.9,0.011505],[102420.7,0.0005],[102420.5,0.068224],[102420.4,0.048806],[102419.9,0.0015],[102419.5,0.08],[102419.3,0.0006],[102418.5,0.097651],[102418.2,0.084748],[102418.1,0.097651],[102417.5,0.0005],[102416.5,0.000908],[102414.5,0.1305]],"asks":[[102425.8,1.16921],[102427.2,0.04019],[102428.7,0.119751],[102428.8,0.097641],[102429.9,0.001049],[102430.5,0.09764],[102431.0,0.03],[102431.8,0.007834],[102432.0,0.101484],[102432.9,0.097637],[102434.1,0.099561],[102434.2,0.051776],[102435.0,0.048813],[102435.2,0.074766],[102435.7,0.001048],[102435.8,0.048809],[102436.1,0.020025],[102436.5,7.4e-05],[102436.7,0.001],[102437.7,0.009396]]},"raw":{}}
{"exchange":"bybit","instance_id":"B","symbol":"BTC-USD","event_ts":1762349857.35,"seq":55837268,"depth":{"last_seq":55837268,"bids":[[102425.7,0.241637],[102425.6,0.001],[102424.8,0.011172],[102424.5,0.008864],[102423.3,0.0006],[102422.2,0.097647],[102420.9,0.011505],[102420.7,0.0005],[102420.5,0.068224],[102420.4,0.048806],[102419.9,0.0015],[102419.5,0.08],[102419.3,0.0006],[102418.5,0.097651],[102418.2,0.084748],[102418.1,0.097651],[102417.5,0.0005],[102416.5,0.000908],[102414.5,0.1305],[102414.2,0.000982]],"asks":[[102425.8,1.16921],[102427.2,0.04019],[102428.7,0.119751],[102428.8,0.097641],[102429.9,0.001049],[102430.5,0.09764],[102431.0,0.03],[102431.8,0.007834],[102432.0,0.101484],[102432.9,0.097637],[102434.1,0.099561],[102434.2,0.051776],[102435.0,0.048813],[102435.2,0.074766],[102435.7,0.001048],[102435.8,0.048809],[102436.1,0.020025],[102436.5,7.4e-05],[102436.7,0.001],[102437.7,0.009396]]},"raw":{}}
{"exchange":"bybit","instance_id":"B","symbol":"BTC-USD","event_ts":1762349857.37,"seq":55837269,"depth":{"last_seq":55837269,"bids":[[102425.7,0.241637],[102425.6,0.001],[102424.8,0.011172],[102424.5,0.008864],[102423.3,0.0006],[102422.2,0.097647],[102420.9,0.011505],[102420.7,0.0005],[102420.5,0.068224],[102420.4,0.048806],[102419.9,0.0015],[102419.5,0.08],[102419.3,0.0006],[102418.5,0.097651],[102418.2,0.084748],[102418.1,0.097651],[102417.5,0.0005],[102416.5,0.000908],[102414.5,0.1305],[102414.2,0.000982]],"asks":[[102425.8,1.16921],[102427.2,0.04019],[102428.7,0.119751],[102428.8,0.097641],[102429.9,0.001049],[102430.5,0.09764],[102431.0,0.03],[102431.8,0.007834],[102432.0,0.101484],[102432.9,0.097637],[102434.1,0.099561],[102434.2,0.051776],[102435.0,0.048813],[102435.2,0.074766],[102435.7,0.001048],[102435.8,0.048809],[102436.1,0.020025],[102436.5,7.4e-05],[102436.7,0.001],[102437.7,0.009396]]},"raw":{}}
{"exchange":"bybit","instance_id":"B","symbol":"BTC-USD","event_ts":1762349857.389,"seq":55837270,"depth":{"last_seq":55837270,"bids":[[102425.7,0.241637],[102425.6,0.001],[102424.8,0.011172],[102424.5,0.008864],[102423.3,0.0006],[102422.2,0.097647],[102420.9,0.011505],[102420.7,0.0005],[102420.5,0.068224],[102420.4,0.048806],[102419.9,0.0015],[102419.5,0.08],[102419.3,0.0006],[102418.5,0.097651],[102418.2,0.084748],[102418.1,0.097651],[102417.5,0.0005],[102416.5,0.000908],[102414.5,0.1305],[102414.2,0.000982]],"asks":[[102425.8,1.169259],[102427.2,0.04019],[102428.7,0.119751],[102428.8,0.097641],[102429.9,0.001049],[102430.5,0.09764],[102431.0,0.03],[102431.8,0.007834],[102432.0,0.101484],[102432.9,0.097637],[102434.1,0.099561],[102434.2,0.051776],[102435.0,0.048813],[102435.2,0.074766],[102435.7,0.001048],[102435.8,0.048809],[102436.1,0.020025],[102436.5,7.4e-05],[102436.7,0.001],[102437.7,0.009396]]},"raw":{}}
{"exchange":"bybit","instance_id":"B","symbol":"BTC-USD","event_ts":1762349857.449,"seq":55837271,"depth":{"last_seq":55837271,"bids":[[102425.7,0.241637],[102425.6,0.001],[102424.8,0.001408],[102424.5,0.008864],[102424.0,0.009764],[102423.3,0.0006],[102422.2,0.097647],[102420.9,0.011505],[102420.7,0.0005],[102420.5,0.068224],[102420.4,0.048806],[102419.9,0.0015],[102419.5,0.08],[102419.3,0.0006],[102418.5,0.097651],[102418.2,0.084748],[102418.1,0.097651],[102417.5,0.0005],[102416.5,0.000908],[102414.5,0.1305]],"asks":[[102425.8,1.169259],[102427.2,0.04019],[102428.7,0.119751],[102428.8,0.097641],[102429.9,0.001049],[102430.5,0.09764],[102431.0,0.03],[102431.8,0.007834],[102432.0,0.101484],[102432.9,0.097637],[102434.1,0.099561],[102434.2,0.051776],[102435.0,0.048813],[102435.2,0.074766],[102435.7,0.001048],[102435.8,0.048809],[102436.1,0.020025],[102436.5,7.4e-05],[102436.7,0.001],[102437.7,0.009396]]},"raw":{}}
{"exchange":"bybit","instance_id":"B","symbol":"BTC-USD","event_ts":1762349857.469,"seq":55837272,"depth":{"last_seq":55837272,"bids":[[102425.7,0.241637],[102425.6,0.001],[102424.8,0.001408],[102424.5,0.008864],[102424.0,0.009764],[102423.3,0.0006],[102422.2,0.097647],[102420.9,0.011505],[102420.7,0.0005],[102420.5,0.068224],[102420.4,0.048806],[102419.9,0.0015],[102419.5,0.08],[102419.3,0.0006],[102418.5,0.097651],[102418.2,0.084748],[102418.1,0.097651],[102417.5,0.0005],[102416.5,0.000908],[102414.5,0.1305]],"asks":[[102425.8,1.169259],[102427.2,0.04019],[102428.7,0.119751],[102428.8,0.097641],[102429.9,0.001049],[102430.5,0.09764],[102431.0,0.03],[102431.8,0.007834],[102432.0,0.101484],[102432.9,0.097637],[102434.1,0.099561],[102434.2,0.051776],[102435.0,0.048813],[102435.2,0.074766],[102435.7,0.001048],[102435.8,0.048809],[102436.1,0.020025],[102436.5,7.4e-05],[102436.7,0.001],[102437.7,0.009396]]},"raw":{}}
{"exchange":"bybit","instance_id":"B","symbol":"BTC-USD","event_ts":1762349857.49,"seq":55837273,"depth":{"last_seq":55837273,"bids":[[102425.7,0.241637],[102425.6,0.001],[102424.8,0.001408],[102424.5,0.008864],[102424.0,0.009764],[102423.3,0.0006],[102422.2,0.097647],[102420.9,0.011505],[102420.7,0.0005],[102420.5,0.068224],[102420.4,0.048806],[102419.9,0.0015],[102419.5,0.08],[102419.3,0.0006],[102418.5,0.097651],[102418.2,0.084748],[102418.1,0.097651],[102417.5,0.0005],[102416.5,0.000908],[102414.5,0.1305]],"asks":[[102425.8,1.169259],[102427.2,0.04019],[102428.7,0.119751],[102428.8,0.097641],[102429.9,0.001049],[102430.5,0.09764],[102431.0,0.03],[102431.8,0.007834],[102432.0,0.101484],[102432.9,0.097637],[102434.1,0.099561],[102434.2,0.051776],[102435.0,0.048813],[102435.2,0.074766],[102435.7,0.001048],[102435.8,0.048809],[102436.1,0.020025],[102436.5,7.4e-05],[102436.7,0.001],[102437.7,0.009396]]},"raw":{}}
{"exchange":"bybit","instance_id":"B","symbol":"BTC-USD","event_ts":1762349857.509,"seq":55837274,"depth":{"last_seq":55837274,"bids":[[102425.7,0.241637],[102425.6,0.001],[102424.8,0.001408],[102424.5,0.008864],[102424.0,0.009764],[102423.3,0.0006],[102422.2,0.097647],[102420.9,0.000908],[102420.7,0.0005],[102420.5,0.068224],[102420.4,0.048806],[102419.9,0.0015],[102419.5,0.08],[102419.3,0.0006],[102418.5,0.097651],[102418.2,0.084748],[102418.1,0.097651],[102417.5,0.0005],[102416.5,0.000908],[102414.5,0.1305]],"asks":[[102425.8,1.169259],[102427.2,0.04019],[102428.7,0.119751],[102428.8,0.097641],[102429.9,0.001049],[102430.5,0.09764],[102431.0,0.03],[102431.8,0.007834],[102432.0,0.101484],[102432.9,0.097637],[102434.1,0.099561],[102434.2,0.051776],[102435.0,0.048813],[102435.2,0.074766],[102435.7,0.001048],[102435.8,0.048809],[102436.1,0.020025],[102436.5,7.4e-05],[102436.7,0.001],[102437.7,0.009396]]},"raw":{}}
{"exchange":"bybit","instance_id":"B","symbol":"BTC-USD","event_ts":1762349857.529,"seq":55837275,"depth":{"last_seq":55837275,"bids":[[102425.7,0.241637],[102425.6,0.001],[102424.8,0.001408],[102424.5,0.008864],[102423.3,0.0006],[102422.2,0.097647],[102420.9,0.000908],[102420.7,0.0005],[102420.5,0.068224],[102420.4,0.048806],[102419.9,0.0015],[102419.5,0.08],[102419.3,0.0006],[102418.5,0.097651],[102418.2,0.084748],[102418.1,0.097651],[102417.5,0.0005],[102416.5,0.000908],[102414.5,0.1305],[102414.2,0.000982]],"asks":[[102425.8,1.169259],[102427.2,0.04019],[102428.7,0.119751],[102428.8,0.097641],[102429.9,0.001049],[102430.5,0.09764],[102431.0,0.03],[102431.8,0.007834],[102432.0,0.101484],[102432.9,0.097637],[102434.1,0.099561],[102434.2,0.051776],[102435.0,0.048813],[102435.2,0.074766],[102435.7,0.001048],[102435.8,0.048809],[102436.1,0.020025],[102436.5,7.4e-05],[102436.7,0.001],[102437.7,0.009396]]},"raw":{}}
{"exchange":"bybit","instance_id":"B","symbol":"BTC-USD","event_ts":1762349857.549,"seq":55837276,"depth":{"last_seq":55837276,"bids":[[102425.7,0.139437],[102425.6,0.001],[102424.8,0.001408],[102424.5,0.008864],[102423.3,0.0006],[102422.2,0.097647],[102420.9,0.000908],[102420.7,0.0005],[102420.5,0.068224],[102420.4,0.048806],[102419.9,0.0015],[102419.5,0.08],[102419.3,0.0006],[102418.5,0.097651],[102418.2,0.084748],[102418.1,0.097651],[102417.5,0.0005],[102416.5,0.000908],[102414.5,0.1305],[102414.2,0.000982]],"asks":[[102425.8,1.169259],[102427.2,0.04019],[102428.7,0.119751],[102428.8,0.097641],[102429.9,0.001049],[102430.5,0.09764],[102431.0,0.03],[102431.8,0.007834],[102432.0,0.101484],[102432.9,0.097637],[102434.1,0.099561],[102434.2,0.051776],[102435.0,0.048813],[102435.2,0.074766],[102435.7,0.001048],[102435.8,0.048809],[102436.1,0.020025],[102436.5,7.4e-05],[102436.7,0.001],[102437.7,0.009396]]},"raw":{}}
{"exchange":"bybit","instance_id":"B","symbol":"BTC-USD","event_ts":1762349857.569,"seq":55837277,"depth":{"last_seq":55837277,"bids":[[102425.7,0.139437],[102425.6,0.001],[102424.8,0.001408],[102424.5,0.008864],[102423.3,0.0006],[102420.9,0.000908],[102420.7,0.0005],[102420.4,0.048806],[102419.9,0.0015],[102419.5,0.08],[102419.3,0.0006],[102418.5,0.097651],[102418.2,0.084748],[102418.1,0.097651],[102417.5,0.0005],[102416.5,0.000908],[102414.5,0.1305],[102414.2,0.000982],[102413.8,0.001],[102413.1,0.052373]],"asks":[[102425.8,1.169259],[102427.2,0.04019],[102428.7,0.119751],[102428.8,0.097641],[102429.9,0.001049],[102430.5,0.09764],[102431.0,0.03],[102431.8,0.007834],[102432.0,0.101484],[102432.9,0.097637],[102434.1,0.099561],[102434.2,0.051776],[102435.0,0.048813],[102435.2,0.074766],[102435.7,0.001048],[102435.8,0.048809],[102436.1,0.020025],[102436.5,7.4e-05],[102436.7,0.001],[102437.7,0.009396]]},"raw":{}}
{"exchange":"bybit","instance_id":"B","symbol":"BTC-USD","event_ts":1762349857.59,"seq":55837278,"depth":{"last_seq":55837278,"bids":[[102425.7,0.136508],[102425.6,0.001],[102424.8,0.001408],[102424.5,0.008864],[102423.3,0.0006],[102420.9,0.000908],[102420.7,0.0005],[102420.4,0.048806],[102419.9,0.0015],[102419.5,0.08],[102419.3,0.0006],[102418.2,0.084748],[102417.5,0.0005],[102416.5,0.000908],[102414.5,0.1305],[102414.2,0.000982],[102413.8,0.001],[102413.1,0.052373],[102412.8,0.035541],[102412.7,0.102407]],"asks":[[102425.8,1.094399],[102427.2,0.04019],[102428.7,0.119751],[102428.8,0.097641],[102429.9,0.001049],[102430.5,0.09764],[102431.0,0.03],[102431.8,0.007834],[102432.0,0.101484],[102432.9,0.097637],[102434.1,0.099561],[102434.2,0.051776],[102435.0,0.048813],[102435.2,0.074766],[102435.7,0.001048],[102435.8,0.048809],[102436.1,0.020025],[102436.5,7.4e-05],[102436.7,0.001],[102437.7,0.009396]]},"raw":{}}
