{"exchange":"bybit","instance_id":"A","symbol":"ETH-USD","event_ts":1762349854.819,"seq":55846846,"depth":{"last_seq":55846846,"bids":[[3333.02,6.25582],[3333.01,0.0676],[3332.98,0.004],[3332.95,0.15229],[3332.94,0.004],[3332.86,0.008],[3332.77,0.19923],[3332.74,0.30097],[3332.71,0.19923],[3332.7,0.016],[3332.63,0.32808],[3332.62,0.75251],[3332.61,0.11535],[3332.59,0.19923],[3332.58,0.06095],[3332.57,0.005],[3332.44,0.58585],[3332.43,0.69905],[3332.39,0.75031],[3332.38,0.05]],"asks":[[3333.03,5.3611],[3333.05,0.30002],[3333.07,0.15003],[3333.09,0.03],[3333.17,0.36],[3333.18,0.002],[3333.21,3.17576],[3333.22,0.004],[3333.26,0.004],[3333.29,2.1932],[3333.3,0.006],[3333.32,0.88904],[3333.33,4.58107],[3333.34,0.008],[3333.35,4.49998],[3333.38,0.004],[3333.44,0.00226],[3333.46,0.008],[3333.5,0.31501],[3333.57,0.45087]]},"raw":{}}
{"exchange":"bybit","instance_id":"A","symbol":"ETH-USD","event_ts":1762349854.839,"seq":55846847,"depth":{"last_seq":55846847,"bids":[[3333.02,6.25582],[3333.01,0.0676],[3332.98,0.004],[3332.95,0.15229],[3332.94,0.004],[3332.86,0.008],[3332.77,0.19923],[3332.74,0.30097],[3332.71,0.19923],[3332.7,0.016],[3332.63,0.32808],[3332.62,0.75251],[3332.61,0.11535],[3332.59,0.19923],[3332.58,0.06095],[3332.57,0.005],[3332.44,0.58585],[3332.43,0.69905],[3332.39,0.75031],[3332.38,0.05]],"asks":[[3333.03,5.3611],[3333.05,0.30002],[3333.07,0.15003],[3333.09,0.03],[3333.17,0.36],[3333.18,0.002],[3333.21,3.17576],[3333.22,0.004],[3333.26,0.004],[3333.29,2.1932],[3333.3,0.006],[3333.32,0.88904],[3333.33,4.58107],[3333.34,0.008],[3333.35,4.49998],[3333.38,0.004],[3333.44,0.00226],[3333.46,0.008],[3333.5,0.31501],[3333.57,0.45087]]},"raw":{}}
{"exchange":"bybit","instance_id":"A","symbol":"ETH-USD","event_ts":1762349854.859,"seq":55846848,"depth":{"last_seq":55846848,"bids":[[3333.02,6.25582],[3333.01,0.0676],[3332.98,0.004],[3332.95,0.15229],[3332.94,0.004],[3332.86,0.008],[3332.77,0.19923],[3332.74,0.30097],[3332.71,0.19923],[3332.7,0.016],[3332.63,0.32808],[3332.62,0.75251],[3332.61,0.11535],[3332.59,0.19923],[3332.58,0.06095],[3332.57,0.005],[3332.44,0.58585],[3332.43,0.69905],[3332.39,0.75031],[3332.38,0.05]],"asks":[[3333.03,5.3611],[3333.05,0.30002],[3333.07,0.15003],[3333.09,0.03],[3333.17,0.36],[3333.18,0.002],[3333.21,3.17576],[3333.22,0.004],[3333.26,0.004],[3333.29,2.1932],[3333.3,0.006],[3333.32,0.88904],[3333.33,4.58107],[3333.34,0.008],[3333.35,4.49998],[3333.38,0.004],[3333.44,0.00226],[3333.46,0.008],[3333.5,0.31501],[3333.57,0.45087]]},"raw":{}}
{"exchange":"bybit","instance_id":"A","symbol":"ETH-USD","event_ts":1762349854.899,"seq":55846849,"depth":{"last_seq":55846849,"bids":[[3333.02,6.25582],[3333.01,0.0676],[3332.98,0.004],[3332.95,0.15229],[3332.94,0.004],[3332.86,0.008],[3332.77,0.19923],[3332.74,0.30097],[3332.71,0.19923],[3332.7,0.016],[3332.63,0.32808],[3332.62,0.75251],[3332.61,0.11535],[3332.59,0.19923],[3332.58,0.06095],[3332.57,0.005],[3332.44,0.58585],[3332.43,0.69905],[3332.41,0.012],[3332.39,0.75031]],"asks":[[3333.03,5.3611],[3333.05,0.30002],[3333.07,0.15003],[3333.09,0.03],[3333.17,0.36],[3333.18,0.002],[3333.21,3.17576],[3333.22,0.004],[3333.26,0.004],[3333.29,2.1932],[3333.3,0.006],[3333.32,0.88904],[3333.33,4.58107],[3333.34,0.008],[3333.35,4.49998],[3333.38,0.004],[3333.44,0.00226],[3333.46,0.008],[3333.5,0.31501],[3333.57,0.45087]]},"raw":{}}
{"exchange":"bybit","instance_id":"A","symbol":"ETH-USD","event_ts":1762349854.999,"seq":55846850,"depth":{"last_seq":55846850,"bids":[[3333.02,6.25582],[3333.01,0.0676],[3332.98,0.004],[3332.95,0.15229],[3332.94,0.004],[3332.86,0.008],[3332.77,0.19923],[3332.74,0.30097],[3332.71,0.19923],[3332.7,0.016],[3332.63,0.32808],[3332.62,0.75251],[3332.61,0.11535],[3332.59,0.19923],[3332.58,0.06095],[3332.57,0.005],[3332.44,0.58585],[3332.43,0.69905],[3332.41,0.012],[3332.39,0.75031]],"asks":[[3333.03,5.3611],[3333.05,0.30002],[3333.07,0.15003],[3333.09,0.03],[3333.17,0.36],[3333.18,0.002],[3333.21,3.17576],[3333.22,0.004],[3333.26,0.004],[3333.29,2.1932],[3333.3,0.006],[3333.32,0.88904],[3333.33,4.58107],[3333.34,0.008],[3333.35,4.49998],[3333.38,0.004],[3333.44,0.00226],[3333.46,0.008],[3333.5,0.31501],[3333.57,0.45087]]},"raw":{}}
{"exchange":"bybit","instance_id":"A","symbol":"ETH-USD","event_ts":1762349855.079,"seq":55846851,"depth":{"last_seq":55846851,"bids":[[3333.02,6.25582],[3333.01,0.0676],[3332.98,0.004],[3332.95,0.15229],[3332.94,0.004],[3332.86,0.008],[3332.77,0.19923],[3332.74,0.30097],[3332.71,0.19923],[3332.7,0.016],[3332.63,0.32808],[3332.62,0.75251],[3332.61,0.11535],[3332.59,0.19923],[3332.58,0.06095],[3332.57,0.005],[3332.44,0.58585],[3332.43,0.69905],[3332.41,0.012],[3332.39,0.75031]],"asks":[[3333.03,5.3611],[3333.05,0.30002],[3333.07,0.15003],[3333.09,0.03],[3333.17,0.36],[3333.18,0.002],[3333.21,3.17576],[3333.22,0.004],[3333.26,0.004],[3333.29,2.1932],[3333.32,0.88904],[3333.33,4.58107],[3333.34,0.008],[3333.35,4.49998],[3333.38,0.004],[3333.44,0.00226],[3333.46,0.008],[3333.5,0.31501],[3333.57,0.45087],[3333.59,0.08848]]},"raw":{}}
{"exchange":"bybit","instance_id":"A","symbol":"ETH-USD","event_ts":1762349855.159,"seq":55846852,"depth":{"last_seq":55846852,"bids":[[3333.02,6.25582],[3333.01,0.0676],[3332.98,0.004],[3332.95,0.15229],[3332.94,0.004],[3332.86,0.008],[3332.77,0.19923],[3332.74,0.30097],[3332.71,0.19923],[3332.7,0.016],[3332.63,0.32808],[3332.62,0.75251],[3332.61,0.11535],[3332.59,0.19923],[3332.58,0.06095],[3332.57,0.005],[3332.44,0.58585],[3332.43,0.69905],[3332.41,0.012],[3332.39,0.75031]],"asks":[[3333.03,6.4231],[3333.05,0.30002],[3333.07,0.15003],[3333.09,0.03],[3333.17,0.36],[3333.18,0.002],[3333.21,3.17576],[3333.22,0.004],[3333.26,0.004],[3333.29,2.1932],[3333.32,0.88904],[3333.33,4.58107],[3333.34,0.008],[3333.35,4.49998],[3333.44,0.00226],[3333.46,0.008],[3333.5,0.31501],[3333.57,0.45087],[3333.59,0.08848],[3333.62,0.016]]},"raw":{}}
{"exchange":"bybit","instance_id":"A","symbol":"ETH-USD","event_ts":1762349855.179,"seq":55846853,"depth":{"last_seq":55846853,"bids":[[3333.02,6.25582],[3333.01,0.0676],[3332.98,0.004],[3332.95,0.15229],[3332.94,0.004],[3332.86,0.008],[3332.77,0.19923],[3332.74,0.30097],[3332.71,0.19923],[3332.7,0.016],[3332.63,0.32808],[3332.62,0.75251],[3332.61,0.11535],[3332.59,0.19923],[3332.58,0.06095],[3332.57,0.005],[3332.44,0.58585],[3332.43,0.69905],[3332.41,0.012],[3332.39,0.75031]],"asks":[[3333.03,6.4231],[3333.05,0.30002],[3333.07,0.15003],[3333.09,0.03],[3333.17,0.36],[3333.18,0.002],[3333.21,3.17576],[3333.22,0.004],[3333.26,0.004],[3333.29,2.1932],[3333.32,0.88904],[3333.33,4.58107],[3333.34,0.008],[3333.35,4.49998],[3333.44,0.00226],[3333.46,0.008],[3333.5,0.31501],[3333.57,0.45087],[3333.59,0.08848],[3333.62,0.016]]},"raw":{}}
{"exchange":"bybit","instance_id":"A","symbol":"ETH-USD","event_ts":1762349855.199,"seq":55846854,"depth":{"last_seq":55846854,"bids":[[3333.02,6.25582],[3333.01,0.0676],[3332.98,0.004],[3332.95,0.15229],[3332.94,0.004],[3332.86,0.008],[3332.77,0.19923],[3332.74,0.30097],[3332.71,0.19923],[3332.7,0.016],[3332.63,0.32808],[3332.62,0.75251],[3332.61,0.11535],[3332.59,0.19923],[3332.58,0.06095],[3332.57,0.005],[3332.44,0.58585],[3332.43,0.69905],[3332.41,0.012],[3332.39,0.75031]],"asks":[[3333.03,6.4231],[3333.05,0.30002],[3333.07,0.15003],[3333.09,0.03],[3333.17,0.36],[3333.18,0.002],[3333.21,3.17576],[3333.22,0.004],[3333.26,0.004],[3333.29,2.1932],[3333.32,0.88904],[3333.33,4.58107],[3333.34,0.008],[3333.35,4.49998],[3333.44,0.00226],[3333.46,0.008],[3333.5,0.31501],[3333.57,0.45087],[3333.59,0.08848],[3333.62,0.016]]},"raw":{}}
{"exchange":"bybit","instance_id":"A","symbol":"ETH-USD","event_ts":1762349855.239,"seq":55846855,"depth":{"last_seq":55846855,"bids":[[3333.02,6.25582],[3333.01,0.0676],[3332.98,0.004],[3332.95,0.00226],[3332.94,0.004],[3332.86,0.008],[3332.79,0.15004],[3332.77,0.19923],[3332.74,0.30097],[3332.71,0.19923],[3332.7,0.016],[3332.63,0.32808],[3332.62,0.75251],[3332.61,0.11535],[3332.59,0.19923],[3332.58,0.06095],[3332.57,0.005],[3332.44,0.58585],[3332.43,0.69905],[3332.41,0.012]],"asks":[[3333.03,6.54067],[3333.05,0.30002],[3333.07,0.15003],[3333.09,0.03],[3333.17,0.36],[3333.18,0.002],[3333.21,3.17576],[3333.22,0.004],[3333.26,0.004],[3333.29,2.1932],[3333.32,0.88904],[3333.33,4.58107],[3333.34,0.008],[3333.35,4.49998],[3333.44,0.00226],[3333.5,0.31501],[3333.57,0.45087],[3333.59,0.08848],[3333.62,0.016],[3333.7,0.44611]]},"raw":{}}
{"exchange":"bybit","instance_id":"A","symbol":"ETH-USD","event_ts":1762349855.259,"seq":55846856,"depth":{"last_seq":55846856,"bids":[[3333.02,6.25582],[3333.01,0.0676],[3332.98,0.004],[3332.95,0.00226],[3332.94,0.004],[3332.86,0.008],[3332.79,0.15004],[3332.77,0.19923],[3332.74,0.30097],[3332.71,0.19923],[3332.7,0.016],[3332.63,0.32808],[3332.62,0.75251],[3332.61,0.11535],[3332.59,0.19923],[3332.58,0.06095],[3332.57,0.005],[3332.44,0.58585],[3332.43,0.69905],[3332.41,0.012]],"asks":[[3333.03,6.54067],[3333.05,0.30002],[3333.07,0.15003],[3333.09,0.03],[3333.17,0.36],[3333.18,0.002],[3333.21,3.17576],[3333.22,0.004],[3333.26,0.004],[3333.29,2.1932],[3333.32,0.88904],[3333.33,4.58107],[3333.34,0.008],[3333.35,4.49998],[3333.44,0.00226],[3333.5,0.31501],[3333.57,0.45087],[3333.59,0.08848],[3333.62,0.016],[3333.7,0.44611]]},"raw":{}}
{"exchange":"bybit","instance_id":"A","symbol":"ETH-USD","event_ts":1762349855.299,"seq":55846857,"depth":{"last_seq":55846857,"bids":[[3333.02,6.25582],[3333.01,0.0676],[3332.98,0.004],[3332.95,0.00226],[3332.94,0.004],[3332.86,0.008],[3332.79,0.15004],[3332.77,0.19923],[3332.74,0.30097],[3332.71,0.19923],[3332.7,0.016],[3332.63,0.32808],[3332.62,0.75251],[3332.61,0.11535],[3332.59,0.19923],[3332.58,0.06095],[3332.57,0.005],[3332.44,0.58585],[3332.43,0.69905],[3332.41,0.012]],"asks":[[3333.03,6.54067],[3333.05,0.30002],[3333.07,0.15003],[3333.09,0.03],[3333.17,0.36],[3333.18,0.002],[3333.21,3.17576],[3333.22,0.004],[3333.26,0.004],[3333.29,2.1932],[3333.32,0.88904],[3333.33,4.58107],[3333.34,0.008],[3333.35,4.49998],[3333.44,0.00226],[3333.5,0.31501],[3333.57,0.45087],[3333.59,0.08848],[3333.62,0.016],[3333.7,0.44611]]},"raw":{}}
{"exchange":"bybit","instance_id":"A","symbol":"ETH-USD","event_ts":1762349855.319,"seq":55846858,"depth":{"last_seq":55846858,"bids":[[3333.02,6.25582],[3333.01,0.0676],[3332.98,0.004],[3332.95,0.00226],[3332.94,0.004],[3332.86,0.008],[3332.79,0.15004],[3332.77,0.19923],[3332.74,0.30097],[3332.71,0.19923],[3332.7,0.016],[3332.63,0.32808],[3332.62,0.75251],[3332.61,0.11535],[3332.59,0.19923],[3332.58,0.06095],[3332.57,0.005],[3332.44,0.58585],[3332.43,0.69905],[3332.41,0.012]],"asks":[[3333.03,6.54067],[3333.05,0.30002],[3333.07,0.15003],[3333.09,0.03],[3333.17,0.36],[3333.18,0.002],[3333.21,3.17576],[3333.22,0.004],[3333.26,0.004],[3333.29,2.1932],[3333.32,0.88904],[3333.33,4.58107],[3333.34,0.008],[3333.35,4.49998],[3333.44,0.00226],[3333.5,0.31501],[3333.57,0.45087],[3333.59,0.08848],[3333.7,0.44611],[3333.71,1.2375]]},"raw":{}}
{"exchange":"bybit","instance_id":"A","symbol":"ETH-USD","event_ts":1762349855.379,"seq":55846859,"depth":{"last_seq":55846859,"bids":[[3333.02,6.25582],[3333.01,0.0676],[3332.98,0.004],[3332.95,0.00226],[3332.94,0.004],[3332.86,0.008],[3332.79,0.15004],[3332.77,0.19923],[3332.74,0.30097],[3332.71,0.19923],[3332.7,0.016],[3332.63,0.32808],[3332.62,0.75251],[3332.61,0.11535],[3332.59,0.19923],[3332.58,0.06095],[3332.57,0.005],[3332.44,0.58585],[3332.43,0.69905],[3332.41,0.012]],"asks":[[3333.03,6.54129],[3333.05,0.30002],[3333.07,0.15003],[3333.09,0.03],[3333.17,0.36],[3333.18,0.002],[3333.21,3.17576],[3333.22,0.004],[3333.26,0.004],[3333.29,2.1932],[3333.32,0.88904],[3333.33,4.58107],[3333.34,0.008],[3333.35,4.49998],[3333.44,0.00226],[3333.5,0.31501],[3333.57,0.45087],[3333.59,0.08848],[3333.7,0.44611],[3333.71,1.2375]]},"raw":{}}
{"exchange":"bybit","instance_id":"A","symbol":"ETH-USD","event_ts":1762349855.419,"seq":55846860,"depth":{"last_seq":55846860,"bids":[[3333.02,6.25582],[3333.01,0.0676],[3332.98,0.004],[3332.95,0.00226],[3332.94,0.004],[3332.86,0.008],[3332.79,0.15004],[3332.77,0.19923],[3332.74,0.30097],[3332.71,0.19923],[3332.7,0.016],[3332.63,0.32808],[3332.62,0.75251],[3332.61,0.11535],[3332.59,0.19923],[3332.58,0.06095],[3332.57,0.005],[3332.44,0.58585],[3332.43,0.69905],[3332.41,0.012]],"asks":[[3333.03,6.54129],[3333.05,0.30002],[3333.07,0.15003],[3333.09,0.03],[3333.17,0.36],[3333.18,0.002],[3333.21,3.17576],[3333.22,0.004],[3333.26,0.004],[3333.29,2.1932],[3333.32,0.88904],[3333.33,4.58107],[3333.34,0.008],[3333.35,4.49998],[3333.44,0.00226],[3333.5,0.31501],[3333.57,0.45087],[3333.59,0.08848],[3333.7,0.44611],[3333.71,1.2375]]},"raw":{}}
{"exchange":"bybit","instance_id":"A","symbol":"ETH-USD","event_ts":1762349855.459,"seq":55846861,"depth":{"last_seq":55846861,"bids":[[3333.02,6.25582],[3333.01,0.0676],[3332.98,0.004],[3332.95,0.00226],[3332.94,0.004],[3332.86,0.008],[3332.79,0.15004],[3332.77,0.19923],[3332.74,0.30097],[3332.71,0.19923],[3332.7,0.016],[3332.63,0.32808],[3332.62,0.75251],[3332.61,0.11535],[3332.59,0.19923],[3332.58,0.06095],[3332.57,0.005],[3332.44,0.58585],[3332.43,0.69905],[3332.41,0.012]],"asks":[[3333.03,6.54129],[3333.05,0.30002],[3333.07,0.15003],[3333.09,0.03],[3333.17,0.36],[3333.18,0.002],[3333.21,3.17576],[3333.22,0.004],[3333.26,0.004],[3333.29,2.1932],[3333.32,0.88904],[3333.33,4.58107],[3333.34,0.008],[3333.35,4.49998],[3333.44,0.00226],[3333.5,0.31501],[3333.57,0.45087],[3333.59,0.08848],[3333.7,0.44611],[3333.71,1.2375]]},"raw":{}}
{"exchange":"bybit","instance_id":"A","symbol":"ETH-USD","event_ts":1762349855.479,"seq":55846862,"depth":{"last_seq":55846862,"bids":[[3333.02,6.25582],[3333.01,0.0676],[3332.98,0.004],[3332.95,0.00226],[3332.94,0.004],[3332.86,0.008],[3332.79,0.15004],[3332.77,0.19923],[3332.74,0.30097],[3332.71,0.19923],[3332.7,0.016],[3332.63,0.32808],[3332.62,0.75251],[3332.61,0.11535],[3332.59,0.19923],[3332.58,0.06095],[3332.57,0.005],[3332.44,0.58585],[3332.43,0.69905],[3332.41,0.012]],"asks":[[3333.03,6.54129],[3333.05,0.30002],[3333.07,0.15003],[3333.09,0.03],[3333.17,0.36],[3333.18,0.002],[3333.21,3.17576],[3333.22,0.004],[3333.26,0.004],[3333.29,2.1932],[3333.32,0.88904],[3333.33,4.58107],[3333.34,0.008],[3333.35,4.49998],[3333.44,0.00226],[3333.5,0.31501],[3333.57,0.45087],[3333.59,0.08848],[3333.7,0.44611],[3333.71,1.2375]]},"raw":{}}
{"exchange":"bybit","instance_id":"A","symbol":"ETH-USD","event_ts":1762349855.499,"seq":55846863,"depth":{"last_seq":55846863,"bids":[[3333.02,6.10382],[3333.01,0.0676],[3332.98,0.004],[3332.95,0.00226],[3332.94,0.004],[3332.86,0.008],[3332.77,0.19923],[3332.74,0.30097],[3332.71,0.19923],[3332.7,0.016],[3332.63,0.32808],[3332.62,0.00226],[3332.61,0.11535],[3332.59,0.19923],[3332.58,0.06095],[3332.57,0.005],[3332.44,0.58585],[3332.43,0.69905],[3332.41,0.012],[3332.38,0.05]],"asks":[[3333.03,6.57629],[3333.05,0.30002],[3333.07,0.15003],[3333.09,0.03],[3333.17,0.36],[3333.18,0.002],[3333.21,3.17576],[3333.22,0.004],[3333.26,0.004],[3333.29,2.1932],[3333.32,0.88904],[3333.33,4.58107],[3333.34,0.008],[3333.35,4.49998],[3333.44,0.00226],[3333.5,0.31501],[3333.57,0.45087],[3333.59,0.08848],[3333.7,0.44611],[3333.71,1.2375]]},"raw":{}}
{"exchange":"bybit","instance_id":"A","symbol":"ETH-USD","event_ts":1762349855.519,"seq":55846864,"depth":{"last_seq":55846864,"bids":[[3333.02,5.80382],[3333.01,0.0676],[3332.98,0.004],[3332.95,0.00226],[3332.94,0.004],[3332.86,0.008],[3332.77,0.19923],[3332.74,0.30097],[3332.71,0.19923],[3332.7,0.016],[3332.62,0.00226],[3332.61,0.11535],[3332.6,0.3],[3332.59,0.19923],[3332.58,0.06095],[3332.57,0.005],[3332.44,0.37502],[3332.43,0.69905],[3332.41,0.012],[3332.38,0.05]],"asks":[[3333.03,6.57629],[3333.05,0.30002],[3333.07,0.15003],[3333.09,0.03],[3333.17,0.36],[3333.18,0.002],[3333.21,3.17576],[3333.22,0.004],[3333.26,0.004],[3333.29,2.1932],[3333.32,0.88904],[3333.33,4.58107],[3333.34,0.008],[3333.35,4.49998],[3333.44,0.00226],[3333.5,0.31501],[3333.57,0.45087],[3333.59,0.08848],[3333.7,0.44611],[3333.71,1.2375]]},"raw":{}}
{"exchange":"bybit","instance_id":"A","symbol":"ETH-USD","event_ts":1762349855.559,"seq":55846865,"depth":{"last_seq":55846865,"bids":[[3333.02,4.80382],[3333.01,0.0676],[3332.98,0.004],[3332.95,0.00226],[3332.94,0.004],[3332.86,0.008],[3332.77,0.19923],[3332.74,0.30097],[3332.71,0.19923],[3332.7,0.016],[3332.62,0.00226],[3332.61,0.11535],[3332.6,0.3],[3332.59,0.34928],[3332.58,0.06095],[3332.57,0.005],[3332.44,1.12531],[3332.43,0.69905],[3332.41,0.012],[3332.38,0.05]],"asks":[[3333.03,6.57629],[3333.05,0.30002],[3333.07,0.15003],[3333.09,0.03],[3333.17,0.36],[3333.18,0.002],[3333.21,3.17576],[3333.22,0.004],[3333.26,0.004],[3333.29,2.1932],[3333.32,0.88904],[3333.33,4.58107],[3333.34,0.008],[3333.35,4.49998],[3333.44,0.00226],[3333.5,0.31501],[3333.57,0.45087],[3333.59,0.08848],[3333.7,0.44611],[3333.71,1.2375]]},"raw":{}}
{"exchange":"bybit","instance_id":"A","symbol":"ETH-USD","event_ts":1762349855.579,"seq":55846866,"depth":{"last_seq":55846866,"bids":[[3333.02,4.80382],[3333.01,0.0676],[3332.98,0.004],[3332.95,0.00226],[3332.94,0.004],[3332.86,0.008],[3332.77,0.19923],[3332.74,0.30097],[3332.71,0.19923],[3332.7,0.016],[3332.62,0.00226],[3332.61,0.11535],[3332.6,0.3],[3332.59,0.19923],[3332.58,0.06095],[3332.57,0.005],[3332.44,1.12531],[3332.43,0.69905],[3332.41,0.012],[3332.38,0.05]],"asks":[[3333.03,6.57684],[3333.05,0.30002],[3333.07,0.15003],[3333.09,0.03],[3333.17,0.36],[3333.18,0.002],[3333.21,3.17576],[3333.22,0.004],[3333.26,0.004],[3333.29,2.1932],[3333.32,0.88904],[3333.33,4.58107],[3333.34,0.008],[3333.35,4.49998],[3333.44,0.00226],[3333.5,0.31501],[3333.57,0.45087],[3333.59,0.08848],[3333.7,0.44611],[3333.71,1.2375]]},"raw":{}}
{"exchange":"bybit","instance_id":"A","symbol":"ETH-USD","event_ts":1762349855.599,"seq":55846867,"depth":{"last_seq":55846867,"bids":[[3333.02,4.80382],[3333.01,0.0676],[3332.98,0.004],[3332.95,0.00226],[3332.94,0.004],[3332.86,0.008],[3332.77,0.19923],[3332.74,0.30097],[3332.71,0.19923],[3332.7,0.016],[3332.62,0.00226],[3332.61,0.11535],[3332.6,0.3],[3332.59,0.19923],[3332.58,0.06095],[3332.57,0.005],[3332.44,1.12531],[3332.43,0.69905],[3332.41,0.012],[3332.38,0.05]],"asks":[[3333.03,6.57684],[3333.05,0.30002],[3333.07,0.15003],[3333.09,0.03],[3333.17,0.36],[3333.18,0.002],[3333.21,3.17576],[3333.22,0.004],[3333.26,0.004],[3333.29,2.1932],[3333.32,0.88904],[3333.33,4.58107],[3333.34,0.008],[3333.35,4.49998],[3333.44,0.00226],[3333.5,0.31501],[3333.57,0.45087],[3333.59,0.08848],[3333.7,0.44611],[3333.71,1.2375]]},"raw":{}}
{"exchange":"bybit","instance_id":"A","symbol":"ETH-USD","event_ts":1762349855.619,"seq":55846868,"depth":{"last_seq":55846868,"bids":[[3333.02,1.44156],[3333.01,0.0676],[3332.98,0.004],[3332.95,0.00226],[3332.94,0.004],[3332.92,0.30003],[3332.86,0.008],[3332.77,0.19923],[3332.74,0.30097],[3332.71,0.19923],[3332.7,0.016],[3332.62,0.00226],[3332.61,0.11535],[3332.59,0.19923],[3332.57,0.005],[3332.47,0.06095],[3332.44,1.12531],[3332.43,0.69905],[3332.41,0.012],[3332.38,0.05]],"asks":[[3333.03,6.87686],[3333.07,0.15003],[3333.09,0.03],[3333.17,0.36],[3333.18,0.002],[3333.21,3.17576],[3333.22,0.004],[3333.26,0.004],[3333.29,2.1932],[3333.32,0.88904],[3333.33,0.08107],[3333.34,0.008],[3333.44,0.00226],[3333.5,0.31501],[3333.57,0.45087],[3333.59,0.08848],[3333.7,0.44611],[3333.71,1.2375],[3333.78,0.00225],[3333.82,0.25475]]},"raw":{}}
{"exchange":"bybit","instance_id":"A","symbol":"ETH-USD","event_ts":1762349855.639,"seq":55846869,"depth":{"last_seq":55846869,"bids":[[3333.02,1.44156],[3333.01,0.0676],[3332.98,0.004],[3332.95,0.00226],[3332.94,0.004],[3332.92,0.30003],[3332.86,0.008],[3332.77,0.19923],[3332.74,0.30097],[3332.71,0.19923],[3332.7,0.016],[3332.64,0.15005],[3332.62,0.00226],[3332.61,0.11535],[3332.59,0.19923],[3332.57,0.005],[3332.47,0.06095],[3332.44,1.12531],[3332.43,0.69905],[3332.41,0.012]],"asks":[[3333.03,6.87686],[3333.07,0.15003],[3333.09,0.03],[3333.17,0.36],[3333.18,0.002],[3333.2,0.19],[3333.21,0.94902],[3333.22,0.004],[3333.26,0.004],[3333.29,2.1932],[3333.32,0.88904],[3333.33,0.08107],[3333.34,0.008],[3333.44,0.00226],[3333.5,0.31501],[3333.57,0.45087],[3333.59,0.08848],[3333.7,0.44611],[3333.71,1.2375],[3333.78,0.00225]]},"raw":{}}
{"exchange":"bybit","instance_id":"A","symbol":"ETH-USD","event_ts":1762349855.659,"seq":55846870,"depth":{"last_seq":55846870,"bids":[[3333.02,1.44156],[3333.01,0.0676],[3332.98,0.004],[3332.95,0.00226],[3332.94,0.004],[3332.92,0.30003],[3332.86,0.008],[3332.77,0.19923],[3332.74,0.30097],[3332.71,0.19923],[3332.7,0.016],[3332.64,0.15005],[3332.62,0.00226],[3332.61,0.11535],[3332.59,0.19923],[3332.57,0.005],[3332.47,0.06095],[3332.44,1.12531],[3332.43,0.69905],[3332.41,0.012]],"asks":[[3333.03,6.87686],[3333.07,0.15003],[3333.09,0.03],[3333.17,0.36],[3333.18,0.002],[3333.2,0.19],[3333.21,0.94902],[3333.22,0.004],[3333.26,0.004],[3333.29,2.1932],[3333.32,0.88904],[3333.33,0.08107],[3333.34,0.008],[3333.44,0.00226],[3333.5,0.31501],[3333.57,0.45087],[3333.59,0.08848],[3333.7,0.44611],[3333.71,1.2375],[3333.78,0.00225]]},"raw":{}}
{"exchange":"bybit","instance_id":"A","symbol":"ETH-USD","event_ts":1762349855.679,"seq":55846871,"depth":{"last_seq":55846871,"bids":[[3333.02,1.50157],[3333.01,0.0676],[3332.98,0.004],[3332.95,0.00226],[3332.94,0.004],[3332.92,0.30003],[3332.86,0.008],[3332.77,0.19923],[3332.74,0.30097],[3332.71,0.19923],[3332.7,0.016],[3332.64,0.15005],[3332.62,0.00226],[3332.61,0.11535],[3332.59,0.19923],[3332.57,0.005],[3332.47,0.06095],[3332.44,1.12531],[3332.43,0.69905],[3332.41,0.012]],"asks":[[3333.03,6.87686],[3333.07,0.15003],[3333.09,0.03],[3333.17,0.36],[3333.18,0.002],[3333.2,0.19],[3333.21,5.44919],[3333.22,0.004],[3333.26,0.004],[3333.29,2.1932],[3333.32,0.88904],[3333.33,0.08107],[3333.34,0.008],[3333.44,0.00226],[3333.5,0.31501],[3333.57,0.45087],[3333.59,0.08848],[3333.7,0.44611],[3333.71,1.2375],[3333.78,0.00225]]},"raw":{}}
{"exchange":"bybit","instance_id":"A","symbol":"ETH-USD","event_ts":1762349855.7,"seq":55846872,"depth":{"last_seq":55846872,"bids":[[3333.02,1.50157],[3333.01,0.0676],[3332.98,0.004],[3332.95,0.00226],[3332.94,0.004],[3332.92,0.30003],[3332.86,0.008],[3332.77,0.19923],[3332.74,0.30097],[3332.71,0.19923],[3332.7,0.016],[3332.64,0.15005],[3332.62,0.00226],[3332.61,0.11535],[3332.59,0.19923],[3332.57,0.005],[3332.47,0.06095],[3332.44,1.12531],[3332.43,0.69905],[3332.41,0.012]],"asks":[[3333.03,6.87739],[3333.07,0.15003],[3333.09,0.03],[3333.17,0.36],[3333.18,0.002],[3333.2,1.81764],[3333.21,4.50017],[3333.22,0.004],[3333.26,0.004],[3333.29,2.1932],[3333.32,0.88904],[3333.33,0.08107],[3333.34,0.008],[3333.44,0.00226],[3333.5,0.31501],[3333.57,0.45087],[3333.59,0.08848],[3333.7,0.44611],[3333.71,1.2375],[3333.78,0.00225]]},"raw":{}}
{"exchange":"bybit","instance_id":"A","symbol":"ETH-USD","event_ts":1762349855.719,"seq":55846873,"depth":{"last_seq":55846873,"bids":[[3333.02,1.50157],[3333.01,0.0676],[3332.98,0.004],[3332.95,0.00226],[3332.94,0.004],[3332.92,0.30003],[3332.86,0.008],[3332.77,0.19923],[3332.74,0.30097],[3332.71,0.19923],[3332.7,0.016],[3332.62,0.00226],[3332.59,0.19923],[3332.57,0.005],[3332.47,0.211],[3332.44,1.12531],[3332.43,0.69905],[3332.41,0.012],[3332.38,0.05],[3332.34,0.4953]],"asks":[[3333.03,6.87739],[3333.07,0.15003],[3333.09,0.03],[3333.17,0.36],[3333.18,0.002],[3333.2,1.81764],[3333.21,4.50017],[3333.22,0.004],[3333.25,4.50011],[3333.26,0.004],[3333.29,2.1932],[3333.32,0.88904],[3333.33,0.08107],[3333.34,0.008],[3333.44,0.00226],[3333.5,0.31501],[3333.57,0.45087],[3333.59,0.08848],[3333.7,0.44611],[3333.71,1.2375]]},"raw":{}}
{"exchange":"bybit","instance_id":"A","symbol":"ETH-USD","event_ts":1762349855.739,"seq":55846874,"depth":{"last_seq":55846874,"bids":[[3333.02,1.50157],[3333.01,0.0676],[3332.98,0.004],[3332.95,0.00226],[3332.94,0.004],[3332.92,0.30003],[3332.86,0.008],[3332.77,0.19923],[3332.74,0.30097],[3332.71,0.19923],[3332.7,0.016],[3332.62,0.00226],[3332.59,0.19923],[3332.57,0.005],[3332.47,0.211],[3332.44,1.12531],[3332.43,0.69905],[3332.41,0.012],[3332.38,0.05],[3332.34,0.4953]],"asks":[[3333.03,6.87739],[3333.07,0.15003],[3333.09,0.03],[3333.17,0.36],[3333.18,0.002],[3333.2,2.66955],[3333.21,4.50017],[3333.22,0.004],[3333.25,4.50011],[3333.26,0.004],[3333.29,1.5002],[3333.32,0.88904],[3333.33,0.08107],[3333.34,0.008],[3333.44,0.00226],[3333.5,0.31501],[3333.57,0.45087],[3333.59,0.08848],[3333.7,0.44611],[3333.71,1.2375]]},"raw":{}}
{"exchange":"bybit","instance_id":"A","symbol":"ETH-USD","event_ts":1762349855.799,"seq":55846875,"depth":{"last_seq":55846875,"bids":[[3333.02,1.50157],[3333.01,0.0676],[3332.98,0.004],[3332.95,0.00226],[3332.94,0.004],[3332.92,0.30003],[3332.86,0.008],[3332.77,0.19923],[3332.74,0.30097],[3332.71,0.19923],[3332.7,0.016],[3332.62,0.00226],[3332.59,0.19923],[3332.57,0.005],[3332.47,0.211],[3332.44,1.12531],[3332.43,0.69905],[3332.41,0.012],[3332.38,0.05],[3332.34,0.4953]],"asks":[[3333.03,6.88639],[3333.07,0.15003],[3333.09,0.03],[3333.17,0.36],[3333.18,0.002],[3333.2,2.66955],[3333.21,4.50017],[3333.22,0.004],[3333.25,4.50011],[3333.26,0.004],[3333.29,1.5002],[3333.32,0.88904],[3333.33,0.08107],[3333.34,0.008],[3333.44,0.00226],[3333.5,0.31501],[3333.57,0.45087],[3333.59,0.08848],[3333.7,0.44611],[3333.71,1.2375]]},"raw":{}}
{"exchange":"bybit","instance_id":"A","symbol":"ETH-USD","event_ts":1762349855.819,"seq":55846876,"depth":{"last_seq":55846876,"bids":[[3333.02,1.50157],[3333.01,0.0676],[3332.98,0.004],[3332.95,0.00226],[3332.94,0.004],[3332.92,0.30003],[3332.86,0.008],[3332.77,0.19923],[3332.74,0.30097],[3332.71,0.19923],[3332.7,0.016],[3332.62,0.00226],[3332.59,0.19923],[3332.57,0.005],[3332.47,0.211],[3332.44,1.12531],[3332.43,0.69905],[3332.41,0.012],[3332.38,0.05],[3332.34,0.4953]],"asks":[[3333.03,6.88639],[3333.07,0.15003],[3333.09,0.03],[3333.17,0.36],[3333.18,0.002],[3333.2,2.66955],[3333.21,4.50017],[3333.22,0.004],[3333.25,4.50011],[3333.26,0.004],[3333.29,1.5002],[3333.32,0.88904],[3333.33,0.08107],[3333.34,0.008],[3333.44,0.00226],[3333.5,0.31501],[3333.57,0.45087],[3333.59,0.08848],[3333.7,0.44611],[3333.71,1.2375]]},"raw":{}}
{"exchange":"bybit","instance_id":"A","symbol":"ETH-USD","event_ts":1762349855.84,"seq":55846877,"depth":{"last_seq":55846877,"bids":[[3333.02,1.50157],[3333.01,0.0676],[3332.98,0.004],[3332.95,0.00226],[3332.94,0.004],[3332.92,0.30003],[3332.86,0.008],[3332.77,0.19923],[3332.74,0.30097],[3332.71,0.19923],[3332.7,0.016],[3332.62,0.00226],[3332.59,0.19923],[3332.57,0.005],[3332.47,0.06095],[3332.45,0.59898],[3332.44,0.75029],[3332.43,0.69905],[3332.41,0.012],[3332.38,0.05]],"asks":[[3333.03,6.88639],[3333.07,0.15003],[3333.09,0.03],[3333.17,0.36],[3333.18,0.002],[3333.2,2.66955],[3333.21,4.50017],[3333.22,0.004],[3333.25,4.50011],[3333.26,0.004],[3333.28,0.693],[3333.29,1.5002],[3333.32,0.88904],[3333.33,0.08107],[3333.34,0.008],[3333.44,0.00226],[3333.5,0.31501],[3333.57,0.45087],[3333.59,0.08848],[3333.7,0.44611]]},"raw":{}}
{"exchange":"bybit","instance_id":"A","symbol":"ETH-USD","event_ts":1762349855.859,"seq":55846878,"depth":{"last_seq":55846878,"bids":[[3333.02,1.50157],[3333.01,0.0676],[3332.98,0.004],[3332.95,0.00226],[3332.94,0.004],[3332.92,0.30003],[3332.86,0.008],[3332.77,0.19923],[3332.74,0.30097],[3332.71,0.19923],[3332.7,0.016],[3332.69,0.15004],[3332.62,0.00226],[3332.59,0.19923],[3332.57,0.005],[3332.47,0.06095],[3332.45,0.59898],[3332.44,0.75029],[3332.43,0.69905],[3332.41,0.012]],"asks":[[3333.03,6.88639],[3333.07,0.15003],[3333.09,0.03],[3333.17,0.36],[3333.18,0.002],[3333.2,2.66955],[3333.21,4.50017],[3333.22,0.004],[3333.25,4.50011],[3333.26,0.004],[3333.28,0.693],[3333.29,1.5002],[3333.32,0.88904],[3333.33,0.08107],[3333.34,0.008],[3333.44,0.00226],[3333.5,0.31501],[3333.57,0.45087],[3333.59,0.08848],[3333.7,0.44611]]},"raw":{}}
{"exchange":"bybit","instance_id":"A","symbol":"ETH-USD","event_ts":1762349855.879,"seq":55846879,"depth":{"last_seq":55846879,"bids":[[3333.02,1.50157],[3333.01,0.0676],[3332.98,0.004],[3332.95,0.00226],[3332.94,0.004],[3332.92,0.30003],[3332.86,0.008],[3332.77,0.19923],[3332.74,0.30097],[3332.71,0.19923],[3332.7,0.016],[3332.69,0.15004],[3332.62,0.00226],[3332.59,0.19923],[3332.57,0.005],[3332.47,0.06095],[3332.45,0.59898],[3332.44,0.75029],[3332.43,0.69905],[3332.41,0.012]],"asks":[[3333.03,6.88639],[3333.07,0.15003],[3333.09,0.03],[3333.17,0.36],[3333.18,0.002],[3333.2,2.66955],[3333.21,4.50017],[3333.22,0.004],[3333.25,4.50011],[3333.26,0.004],[3333.28,0.693],[3333.29,1.5002],[3333.32,0.88904],[3333.33,0.08107],[3333.34,0.008],[3333.44,0.00226],[3333.5,0.31501],[3333.57,0.45087],[3333.59,0.08848],[3333.7,0.44611]]},"raw":{}}
{"exchange":"bybit","instance_id":"A","symbol":"ETH-USD","event_ts":1762349855.899,"seq":55846880,"depth":{"last_seq":55846880,"bids":[[3333.02,1.50157],[3333.01,0.0676],[3332.98,0.004],[3332.95,0.00226],[3332.94,0.004],[3332.92,0.30003],[3332.86,0.008],[3332.77,0.19923],[3332.74,0.30097],[3332.71,0.19923],[3332.7,0.016],[3332.69,0.15004],[3332.62,0.00226],[3332.59,0.19923],[3332.57,0.005],[3332.47,0.06095],[3332.45,0.59898],[3332.44,0.75029],[3332.43,0.69905],[3332.41,0.012]],"asks":[[3333.03,6.88639],[3333.07,0.15003],[3333.09,0.03],[3333.17,0.36],[3333.18,0.002],[3333.2,2.66955],[3333.21,4.50017],[3333.22,0.004],[3333.25,4.50011],[3333.26,0.004],[3333.28,0.693],[3333.29,1.5002],[3333.32,0.88904],[3333.33,0.08107],[3333.34,0.008],[3333.44,0.00226],[3333.5,0.31501],[3333.57,0.45087],[3333.59,0.08848],[3333.7,0.44611]]},"raw":{}}
{"exchange":"bybit","instance_id":"A","symbol":"ETH-USD","event_ts":1762349855.959,"seq":55846881,"depth":{"last_seq":55846881,"bids":[[3333.02,1.50157],[3333.01,0.0676],[3332.98,0.004],[3332.95,0.00226],[3332.94,0.004],[3332.92,0.30003],[3332.86,0.008],[3332.77,0.19923],[3332.74,0.30097],[3332.71,0.19923],[3332.7,0.016],[3332.69,0.15004],[3332.62,0.00226],[3332.59,0.19923],[3332.57,0.005],[3332.47,0.06095],[3332.45,0.59898],[3332.44,0.75029],[3332.43,0.69905],[3332.41,0.012]],"asks":[[3333.03,6.88639],[3333.07,0.15003],[3333.09,0.03],[3333.17,0.36],[3333.18,0.002],[3333.2,2.66955],[3333.21,4.50017],[3333.22,0.004],[3333.25,4.50011],[3333.26,0.004],[3333.28,0.693],[3333.29,1.5002],[3333.32,0.88904],[3333.33,0.08107],[3333.34,0.008],[3333.44,0.00226],[3333.5,0.31501],[3333.57,0.45087],[3333.59,0.08848],[3333.7,0.44611]]},"raw":{}}
{"exchange":"bybit","instance_id":"A","symbol":"ETH-USD","event_ts":1762349856.039,"seq":55846882,"depth":{"last_seq":55846882,"bids":[[3333.02,1.50157],[3333.01,0.0676],[3332.98,0.004],[3332.95,0.00226],[3332.94,0.004],[3332.92,0.30003],[3332.86,0.008],[3332.77,0.19923],[3332.74,0.30097],[3332.71,0.19923],[3332.7,0.016],[3332.69,0.15004],[3332.62,0.00226],[3332.59,0.19923],[3332.57,0.005],[3332.47,0.06095],[3332.45,0.59898],[3332.44,0.75029],[3332.43,0.69905],[3332.41,0.012]],"asks":[[3333.03,6.88639],[3333.07,0.15003],[3333.09,0.03],[3333.17,0.36],[3333.18,0.002],[3333.2,2.66955],[3333.21,4.50017],[3333.22,0.004],[3333.25,4.50011],[3333.26,0.004],[3333.28,0.693],[3333.29,1.5002],[3333.32,0.88904],[3333.33,0.08107],[3333.34,0.008],[3333.44,0.00226],[3333.5,0.31501],[3333.57,0.45087],[3333.59,0.08848],[3333.7,0.44611]]},"raw":{}}
{"exchange":"bybit","instance_id":"A","symbol":"ETH-USD","event_ts":1762349856.099,"seq":55846883,"depth":{"last_seq":55846883,"bids":[[3333.02,1.50212],[3333.01,0.0676],[3332.98,0.004],[3332.95,0.00226],[3332.94,0.004],[3332.92,0.30003],[3332.86,0.008],[3332.77,0.19923],[3332.74,0.30097],[3332.71,0.19923],[3332.7,0.016],[3332.69,0.15004],[3332.62,0.00226],[3332.59,0.19923],[3332.57,0.005],[3332.47,0.06095],[3332.45,0.59898],[3332.44,0.75029],[3332.43,0.69905],[3332.41,0.012]],"asks":[[3333.03,6.88639],[3333.07,0.15003],[3333.09,0.03],[3333.17,0.36],[3333.18,0.002],[3333.2,2.66955],[3333.21,4.50017],[3333.22,0.004],[3333.25,4.50011],[3333.26,0.004],[3333.28,0.693],[3333.29,1.5002],[3333.32,0.88904],[3333.33,0.08107],[3333.34,0.008],[3333.44,0.00226],[3333.5,0.31501],[3333.57,0.45087],[3333.59,0.08848],[3333.7,0.44611]]},"raw":{}}
{"exchange":"bybit","instance_id":"A","symbol":"ETH-USD","event_ts":1762349856.119,"seq":55846884,"depth":{"last_seq":55846884,"bids":[[3333.02,1.50212],[3333.01,0.0676],[3332.98,0.004],[3332.95,0.00226],[3332.94,0.004],[3332.92,0.30003],[3332.86,0.008],[3332.77,0.19923],[3332.74,0.30097],[3332.71,0.19923],[3332.7,0.016],[3332.69,0.15004],[3332.62,0.00226],[3332.59,0.19923],[3332.57,0.005],[3332.47,0.06095],[3332.45,0.59898],[3332.44,0.75029],[3332.43,0.69905],[3332.41,0.012]],"asks":[[3333.03,6.88639],[3333.07,0.15003],[3333.09,0.03],[3333.17,0.36],[3333.18,0.002],[3333.2,2.66955],[3333.21,4.50017],[3333.22,0.004],[3333.25,4.50011],[3333.26,0.004],[3333.28,0.693],[3333.29,1.5002],[3333.32,0.88904],[3333.33,0.08107],[3333.34,0.008],[3333.44,0.00226],[3333.5,0.31501],[3333.57,0.45087],[3333.59,0.08848],[3333.7,0.44611]]},"raw":{}}
{"exchange":"bybit","instance_id":"A","symbol":"ETH-USD","event_ts":1762349856.159,"seq":55846885,"depth":{"last_seq":55846885,"bids":[[3333.02,1.50212],[3333.01,0.0676],[3332.98,0.004],[3332.95,0.00226],[3332.94,0.004],[3332.92,0.30003],[3332.86,0.008],[3332.77,0.19923],[3332.74,0.30097],[3332.71,0.19923],[3332.7,0.016],[3332.69,0.15004],[3332.62,0.00226],[3332.59,0.19923],[3332.57,0.005],[3332.47,0.06095],[3332.45,0.59898],[3332.44,0.75029],[3332.43,0.69905],[3332.41,0.012]],"asks":[[3333.03,6.88639],[3333.07,0.15003],[3333.09,0.03],[3333.17,0.36],[3333.18,0.002],[3333.2,2.66955],[3333.21,4.50017],[3333.22,0.004],[3333.25,4.50011],[3333.26,0.004],[3333.28,0.693],[3333.29,1.5002],[3333.32,0.88904],[3333.33,0.08107],[3333.34,0.008],[3333.44,0.00226],[3333.5,0.31501],[3333.57,0.45087],[3333.59,0.08848],[3333.7,0.44611]]},"raw":{}}
{"exchange":"bybit","instance_id":"A","symbol":"ETH-USD","event_ts":1762349856.199,"seq":55846886,"depth":{"last_seq":55846886,"bids":[[3333.02,1.50212],[3333.01,0.0676],[3332.98,0.004],[3332.95,0.00226],[3332.94,0.004],[3332.92,0.30003],[3332.86,0.008],[3332.77,0.19923],[3332.74,0.30097],[3332.71,0.19923],[3332.7,0.016],[3332.69,0.15004],[3332.62,0.00226],[3332.59,0.19923],[3332.57,0.005],[3332.47,0.06095],[3332.45,0.59898],[3332.44,0.75029],[3332.43,0.69905],[3332.41,0.012]],"asks":[[3333.03,6.88639],[3333.07,0.15003],[3333.09,0.03],[3333.17,0.36],[3333.18,0.002],[3333.2,2.66955],[3333.21,4.50017],[3333.22,0.004],[3333.25,4.50011],[3333.26,0.004],[3333.28,0.693],[3333.29,1.5002],[3333.32,0.88904],[3333.33,0.08107],[3333.34,0.008],[3333.44,0.00226],[3333.5,0.31501],[3333.57,0.45087],[3333.59,0.08848],[3333.7,0.44611]]},"raw":{}}
{"exchange":"bybit","instance_id":"A","symbol":"ETH-USD","event_ts":1762349856.239,"seq":55846887,"depth":{"last_seq":55846887,"bids":[[3333.02,1.50279],[3333.01,0.0676],[3332.98,0.004],[3332.95,0.00226],[3332.94,0.004],[3332.92,0.30003],[3332.86,0.008],[3332.77,0.19923],[3332.74,0.30097],[3332.71,0.19923],[3332.7,0.016],[3332.69,0.15004],[3332.62,0.00226],[3332.59,0.19923],[3332.57,0.005],[3332.47,0.06095],[3332.45,0.59898],[3332.44,0.75029],[3332.43,0.69905],[3332.41,0.012]],"asks":[[3333.03,6.88639],[3333.07,0.15003],[3333.09,0.03],[3333.17,0.36],[3333.18,0.002],[3333.2,2.66955],[3333.21,4.50017],[3333.22,0.004],[3333.25,4.50011],[3333.26,0.004],[3333.28,0.693],[3333.29,1.5002],[3333.32,0.88904],[3333.33,0.08107],[3333.34,0.008],[3333.44,0.00226],[3333.5,0.31501],[3333.57,0.45087],[3333.59,0.08848],[3333.7,0.44611]]},"raw":{}}
{"exchange":"bybit","instance_id":"A","symbol":"ETH-USD","event_ts":1762349856.299,"seq":55846888,"depth":{"last_seq":55846888,"bids":[[3333.02,1.50279],[3333.01,0.0676],[3332.98,0.004],[3332.95,0.00226],[3332.94,0.004],[3332.92,0.30003],[3332.86,0.008],[3332.77,0.19923],[3332.74,0.30097],[3332.71,0.19923],[3332.7,0.016],[3332.69,0.15004],[3332.62,0.00226],[3332.59,0.19923],[3332.57,0.005],[3332.47,0.06095],[3332.45,0.59898],[3332.44,0.75029],[3332.43,0.69905],[3332.41,0.012]],"asks":[[3333.03,6.88639],[3333.07,0.15003],[3333.09,0.03],[3333.17,0.36],[3333.18,0.002],[3333.2,2.66955],[3333.21,4.50017],[3333.22,0.004],[3333.25,4.50011],[3333.26,0.004],[3333.28,0.693],[3333.29,1.5002],[3333.32,0.88904],[3333.33,0.08107],[3333.34,0.008],[3333.44,0.00226],[3333.5,0.31501],[3333.57,0.45087],[3333.59,0.08848],[3333.7,0.44611]]},"raw":{}}
{"exchange":"bybit","instance_id":"A","symbol":"ETH-USD","event_ts":1762349856.339,"seq":55846889,"depth":{"last_seq":55846889,"bids":[[3332.92,0.30003],[3332.86,0.008],[3332.74,0.30097],[3332.7,0.016],[3332.69,0.15004],[3332.62,0.00226],[3332.59,0.19923],[3332.57,0.005],[3332.47,0.06095],[3332.45,0.59898],[3332.44,0.75029],[3332.43,0.69905],[3332.41,0.012],[3332.39,0.3],[3332.38,0.05],[3332.34,0.4953],[3332.33,1.98113],[3332.32,0.62887],[3332.3,0.11535],[3332.29,0.00226]],"asks":[[3332.93,0.60922],[3333.02,2.31722],[3333.03,7.4868],[3333.07,0.15003],[3333.09,0.03],[3333.17,0.36],[3333.18,0.002],[3333.2,2.66955],[3333.21,4.50017],[3333.22,0.004],[3333.25,4.50011],[3333.26,0.004],[3333.28,0.693],[3333.29,1.5002],[3333.32,0.88904],[3333.33,0.08107],[3333.34,0.008],[3333.44,0.00226],[3333.5,0.31501],[3333.57,0.45087]]},"raw":{}}
{"exchange":"bybit","instance_id":"A","symbol":"ETH-USD","event_ts":1762349856.359,"seq":55846890,"depth":{"last_seq":55846890,"bids":[[3332.86,0.258],[3332.7,0.016],[3332.62,0.00226],[3332.59,0.19923],[3332.44,0.75029],[3332.43,0.69905],[3332.41,0.017],[3332.39,0.3],[3332.38,0.05],[3332.34,0.06095],[3332.33,1.98113],[3332.32,0.62887],[3332.3,0.11535],[3332.29,0.00226],[3332.26,0.19923],[3332.25,1.84933],[3332.23,0.58944],[3332.22,1.16409],[3332.21,0.56497],[3332.2,0.48943]],"asks":[[3332.87,9.77931],[3332.92,0.19],[3332.93,2.26395],[3332.99,0.6484],[3333.02,0.75017],[3333.03,2.20178],[3333.09,0.03],[3333.15,0.08107],[3333.17,0.36],[3333.18,0.002],[3333.2,3.55859],[3333.22,0.004],[3333.26,0.004],[3333.28,0.693],[3333.29,0.7501],[3333.34,0.008],[3333.44,0.00226],[3333.5,0.016],[3333.52,0.90025],[3333.57,0.45087]]},"raw":{}}
{"exchange":"bybit","instance_id":"A","symbol":"ETH-USD","event_ts":1762349856.379,"seq":55846891,"depth":{"last_seq":55846891,"bids":[[3332.86,0.258],[3332.7,0.016],[3332.59,0.19923],[3332.56,0.30099],[3332.44,0.75029],[3332.43,0.69905],[3332.41,0.017],[3332.38,0.05],[3332.32,0.62887],[3332.3,0.11535],[3332.29,0.00226],[3332.28,0.06095],[3332.26,1.58942],[3332.25,1.84933],[3332.23,0.58944],[3332.22,1.16409],[3332.21,0.56497],[3332.2,0.48943],[3332.17,1.99034],[3332.16,2.02541]],"asks":[[3332.87,10.84925],[3332.92,0.19],[3332.93,0.90044],[3332.99,0.6484],[3333.02,1.54861],[3333.03,1.90168],[3333.09,0.03],[3333.12,0.88904],[3333.13,0.08108],[3333.16,0.52282],[3333.17,0.36],[3333.18,0.002],[3333.19,0.75763],[3333.22,0.004],[3333.26,0.004],[3333.28,0.693],[3333.29,0.7501],[3333.34,0.008],[3333.44,0.00226],[3333.5,0.016]]},"raw":{}}
{"exchange":"bybit","instance_id":"A","symbol":"ETH-USD","event_ts":1762349856.399,"seq":55846892,"depth":{"last_seq":55846892,"bids":[[3332.7,1.231],[3332.59,0.19923],[3332.45,0.31572],[3332.44,0.75029],[3332.43,0.69905],[3332.41,0.017],[3332.38,0.05],[3332.32,0.62887],[3332.3,0.11535],[3332.29,0.30327],[3332.28,0.06095],[3332.26,1.58942],[3332.25,1.84933],[3332.23,0.58944],[3332.22,1.16409],[3332.21,0.56497],[3332.2,0.48943],[3332.17,1.99034],[3332.16,2.02541],[3332.15,1.98977]],"asks":[[3332.71,9.51871],[3332.86,0.9402],[3332.87,3.15813],[3332.93,0.90044],[3332.99,0.6484],[3333.02,0.79844],[3333.03,0.68426],[3333.09,0.03],[3333.12,0.88904],[3333.13,0.08108],[3333.16,0.52282],[3333.17,0.36],[3333.18,0.002],[3333.19,0.43554],[3333.22,0.004],[3333.26,0.004],[3333.28,0.693],[3333.34,0.008],[3333.44,0.00226],[3333.5,0.016]]},"raw":{}}
{"exchange":"bybit","instance_id":"A","symbol":"ETH-USD","event_ts":1762349856.419,"seq":55846893,"depth":{"last_seq":55846893,"bids":[[3332.7,1.231],[3332.59,0.19923],[3332.44,0.75029],[3332.43,0.69905],[3332.41,0.012],[3332.38,0.05],[3332.34,0.15006],[3332.32,0.62887],[3332.3,0.11535],[3332.29,0.30327],[3332.28,0.06095],[3332.26,1.58942],[3332.25,1.85433],[3332.23,0.58944],[3332.22,1.16409],[3332.21,0.56497],[3332.2,0.48943],[3332.17,1.99034],[3332.16,2.02541],[3332.15,1.98977]],"asks":[[3332.71,9.66875],[3332.79,0.75022],[3332.86,0.9402],[3332.87,0.03777],[3332.93,0.90044],[3332.99,0.6484],[3333.02,0.79844],[3333.03,0.68426],[3333.06,0.29905],[3333.07,0.88904],[3333.08,0.08108],[3333.09,0.03],[3333.1,0.00226],[3333.16,0.52282],[3333.17,0.36],[3333.18,0.002],[3333.22,0.004],[3333.26,0.004],[3333.28,0.693],[3333.34,0.008]]},"raw":{}}
{"exchange":"bybit","instance_id":"A","symbol":"ETH-USD","event_ts":1762349856.439,"seq":55846894,"depth":{"last_seq":55846894,"bids":[[3332.7,1.231],[3332.59,0.19923],[3332.45,0.45263],[3332.44,0.75029],[3332.43,0.69905],[3332.41,0.012],[3332.38,0.05],[3332.34,0.15006],[3332.32,0.62887],[3332.3,0.11535],[3332.29,0.30327],[3332.28,0.06095],[3332.26,1.58942],[3332.25,1.85433],[3332.23,0.58944],[3332.22,1.16409],[3332.21,0.56497],[3332.2,0.48943],[3332.17,1.99034],[3332.16,2.02541]],"asks":[[3332.71,12.45786],[3332.79,0.75022],[3332.86,0.9402],[3332.87,0.03777],[3332.93,0.90044],[3332.99,0.6484],[3333.02,0.79844],[3333.03,0.6638],[3333.04,0.88904],[3333.05,0.08108],[3333.06,0.29905],[3333.09,0.03],[3333.1,0.00226],[3333.16,0.52282],[3333.17,0.36],[3333.18,0.002],[3333.22,0.004],[3333.26,0.004],[3333.28,0.693],[3333.34,0.008]]},"raw":{}}
{"exchange":"bybit","instance_id":"A","symbol":"ETH-USD","event_ts":1762349856.459,"seq":55846895,"depth":{"last_seq":55846895,"bids":[[3332.7,1.231],[3332.59,0.19923],[3332.45,0.45263],[3332.44,0.75029],[3332.43,0.69905],[3332.41,0.012],[3332.38,0.05],[3332.32,0.62887],[3332.3,0.11535],[3332.29,0.30327],[3332.28,0.06095],[3332.26,1.58942],[3332.25,1.85433],[3332.23,0.58944],[3332.22,1.16409],[3332.21,0.56497],[3332.2,0.48943],[3332.17,1.99034],[3332.16,2.02541],[3332.15,1.98977]],"asks":[[3332.71,12.45786],[3332.79,0.75022],[3332.86,0.9402],[3332.87,0.03777],[3332.93,0.30003],[3332.99,0.6484],[3333.02,0.79844],[3333.03,0.6638],[3333.04,0.88904],[3333.05,0.08108],[3333.06,0.29905],[3333.09,0.03],[3333.1,0.00226],[3333.16,0.52282],[3333.17,0.36],[3333.18,0.002],[3333.22,0.004],[3333.26,0.004],[3333.28,0.693],[3333.34,0.008]]},"raw":{}}
{"exchange":"bybit","instance_id":"A","symbol":"ETH-USD","event_ts":1762349856.48,"seq":55846896,"depth":{"last_seq":55846896,"bids":[[3332.7,1.231],[3332.59,0.19923],[3332.45,0.45263],[3332.44,0.75029],[3332.43,0.69905],[3332.41,0.012],[3332.38,0.05],[3332.32,0.62887],[3332.3,0.11535],[3332.29,0.30327],[3332.28,0.06095],[3332.26,1.58942],[3332.25,1.85433],[3332.23,0.58944],[3332.22,1.16409],[3332.21,0.56497],[3332.2,0.48943],[3332.17,1.99034],[3332.16,2.02541],[3332.15,1.98977]],"asks":[[3332.71,12.45786],[3332.79,0.75022],[3332.86,0.9402],[3332.87,0.03777],[3332.93,0.30003],[3332.99,0.6484],[3333.02,0.79844],[3333.03,0.6638],[3333.04,0.88904],[3333.05,0.08108],[3333.06,0.29905],[3333.09,0.03],[3333.1,0.00226],[3333.16,0.52282],[3333.17,0.36],[3333.18,0.002],[3333.22,0.004],[3333.26,0.004],[3333.28,0.693],[3333.34,0.008]]},"raw":{}}
{"exchange":"bybit","instance_id":"A","symbol":"ETH-USD","event_ts":1762349856.499,"seq":55846897,"depth":{"last_seq":55846897,"bids":[[3332.7,1.29102],[3332.59,0.19923],[3332.45,0.45263],[3332.44,0.75029],[3332.43,0.69905],[3332.41,0.012],[3332.38,0.05],[3332.32,0.62887],[3332.3,0.11535],[3332.29,0.30327],[3332.28,0.06095],[3332.26,1.58942],[3332.25,1.85433],[3332.23,0.58944],[3332.22,1.16409],[3332.21,0.56497],[3332.2,0.48943],[3332.17,1.99034],[3332.16,2.02541],[3332.15,1.98977]],"asks":[[3332.71,12.45786],[3332.79,0.75022],[3332.86,0.9402],[3332.87,0.03777],[3332.93,0.30003],[3332.97,4.50049],[3332.99,0.6484],[3333.02,0.79844],[3333.03,0.6638],[3333.04,0.88904],[3333.05,0.08108],[3333.06,0.29905],[3333.09,0.03],[3333.1,0.00226],[3333.16,0.52282],[3333.17,0.36],[3333.18,0.002],[3333.22,0.004],[3333.26,0.004],[3333.28,0.693]]},"raw":{}}
{"exchange":"bybit","instance_id":"A","symbol":"ETH-USD","event_ts":1762349856.519,"seq":55846898,"depth":{"last_seq":55846898,"bids":[[3332.7,1.29102],[3332.59,0.19923],[3332.45,0.45263],[3332.44,0.75029],[3332.43,0.69905],[3332.41,0.012],[3332.38,0.05],[3332.32,0.62887],[3332.3,0.11535],[3332.29,0.30327],[3332.28,0.06095],[3332.26,1.58942],[3332.25,1.85433],[3332.23,0.58944],[3332.22,1.16409],[3332.21,0.56497],[3332.2,0.48943],[3332.17,1.99034],[3332.16,2.02541],[3332.15,1.98977]],"asks":[[3332.71,12.45786],[3332.79,0.75022],[3332.86,0.9402],[3332.87,0.03777],[3332.93,0.30003],[3332.97,4.50049],[3332.99,0.6484],[3333.02,0.79844],[3333.03,0.6638],[3333.04,0.88904],[3333.05,0.08108],[3333.06,0.29905],[3333.09,0.03],[3333.1,0.00226],[3333.16,0.52282],[3333.17,0.36],[3333.18,0.002],[3333.22,0.004],[3333.26,0.004],[3333.28,0.693]]},"raw":{}}
{"exchange":"bybit","instance_id":"A","symbol":"ETH-USD","event_ts":1762349856.539,"seq":55846899,"depth":{"last_seq":55846899,"bids":[[3332.7,1.29102],[3332.59,0.19923],[3332.45,0.45263],[3332.44,0.75029],[3332.43,0.69905],[3332.41,0.012],[3332.38,0.05],[3332.32,0.62887],[3332.3,0.11535],[3332.29,0.30327],[3332.28,0.06095],[3332.26,1.58942],[3332.25,1.85433],[3332.23,0.58944],[3332.22,1.16409],[3332.21,0.56497],[3332.2,0.48943],[3332.17,1.99034],[3332.16,2.02541],[3332.15,1.98977]],"asks":[[3332.71,12.48249],[3332.79,0.75022],[3332.86,0.9402],[3332.87,0.03777],[3332.93,0.30003],[3332.97,4.50049],[3332.99,0.6484],[3333.02,0.79844],[3333.03,0.6638],[3333.04,0.88904],[3333.05,0.08108],[3333.06,0.29905],[3333.09,0.03],[3333.1,0.00226],[3333.16,0.52282],[3333.17,0.36],[3333.18,0.002],[3333.22,0.004],[3333.26,0.004],[3333.28,0.693]]},"raw":{}}
{"exchange":"bybit","instance_id":"A","symbol":"ETH-USD","event_ts":1762349856.559,"seq":55846900,"depth":{"last_seq":55846900,"bids":[[3332.7,1.29102],[3332.59,0.19923],[3332.45,0.45263],[3332.44,0.75029],[3332.43,0.69905],[3332.41,0.012],[3332.38,0.05],[3332.32,0.62887],[3332.3,0.11535],[3332.29,0.30327],[3332.28,0.06095],[3332.26,1.58942],[3332.25,1.85433],[3332.23,0.58944],[3332.22,1.16409],[3332.21,0.56497],[3332.2,0.48943],[3332.17,1.99034],[3332.16,2.02541],[3332.15,1.98977]],"asks":[[3332.71,12.48249],[3332.79,0.75022],[3332.86,0.9402],[3332.87,0.03777],[3332.93,0.30003],[3332.97,4.50049],[3332.99,5.14886],[3333.02,0.79844],[3333.03,0.6638],[3333.04,0.88904],[3333.05,0.08108],[3333.06,0.29905],[3333.09,0.03],[3333.1,0.00226],[3333.16,0.52282],[3333.18,0.002],[3333.22,0.004],[3333.26,0.004],[3333.28,0.693],[3333.34,0.008]]},"raw":{}}
{"exchange":"bybit","instance_id":"A","symbol":"ETH-USD","event_ts":1762349856.599,"seq":55846901,"depth":{"last_seq":55846901,"bids":[[3332.7,1.29102],[3332.59,0.19923],[3332.45,0.45263],[3332.44,0.75029],[3332.43,0.69905],[3332.41,0.012],[3332.38,0.05],[3332.32,0.62887],[3332.3,0.11535],[3332.29,0.30327],[3332.28,0.06095],[3332.26,1.58942],[3332.25,1.85433],[3332.23,0.58944],[3332.22,1.16409],[3332.21,0.56497],[3332.2,0.48943],[3332.17,1.99034],[3332.16,2.02541],[3332.15,1.98977]],"asks":[[3332.71,12.48249],[3332.79,0.75022],[3332.86,0.9402],[3332.87,0.03777],[3332.93,0.30003],[3332.97,4.50049],[3332.99,5.14886],[3333.02,0.79844],[3333.03,0.6638],[3333.04,0.88904],[3333.05,0.08108],[3333.06,0.29905],[3333.09,0.03],[3333.1,0.00226],[3333.16,0.52282],[3333.18,0.002],[3333.22,0.004],[3333.26,0.004],[3333.28,0.693],[3333.34,0.008]]},"raw":{}}
{"exchange":"bybit","instance_id":"A","symbol":"ETH-USD","event_ts":1762349856.639,"seq":55846902,"depth":{"last_seq":55846902,"bids":[[3332.7,1.29102],[3332.59,0.19923],[3332.45,0.45263],[3332.44,0.75029],[3332.43,0.69905],[3332.41,0.012],[3332.38,0.05],[3332.32,0.62887],[3332.3,0.11535],[3332.29,0.30327],[3332.28,0.06095],[3332.26,1.58942],[3332.25,1.85433],[3332.23,0.58944],[3332.22,1.16409],[3332.21,0.56497],[3332.2,0.48943],[3332.17,1.99034],[3332.16,2.02541],[3332.15,1.98977]],"asks":[[3332.71,12.48249],[3332.79,0.75022],[3332.86,0.9402],[3332.87,0.03777],[3332.93,0.30003],[3332.97,4.50049],[3332.99,5.14886],[3333.02,0.79844],[3333.03,0.6638],[3333.04,0.88904],[3333.05,0.08108],[3333.06,0.29905],[3333.09,0.03],[3333.1,0.00226],[3333.16,0.52282],[3333.18,0.002],[3333.22,0.004],[3333.26,0.004],[3333.28,0.693],[3333.34,0.008]]},"raw":{}}
{"exchange":"bybit","instance_id":"A","symbol":"ETH-USD","event_ts":1762349856.659,"seq":55846903,"depth":{"last_seq":55846903,"bids":[[3332.7,1.29102],[3332.59,0.19923],[3332.45,0.45263],[3332.44,0.75029],[3332.43,0.69905],[3332.41,0.012],[3332.38,0.05],[3332.32,0.62887],[3332.3,0.11535],[3332.29,0.30327],[3332.28,0.06095],[3332.26,1.58942],[3332.25,1.85433],[3332.23,0.58944],[3332.22,1.16409],[3332.21,0.56497],[3332.2,0.48943],[3332.17,1.99034],[3332.16,2.02541],[3332.15,1.98977]],"asks":[[3332.71,12.48249],[3332.79,0.75022],[3332.86,0.9402],[3332.87,0.03777],[3332.93,0.30003],[3332.97,4.50049],[3332.99,5.14886],[3333.02,0.79844],[3333.03,0.6638],[3333.04,0.88904],[3333.05,0.08108],[3333.06,0.29905],[3333.09,0.03],[3333.1,0.00226],[3333.16,0.52282],[3333.18,0.002],[3333.22,0.004],[3333.26,0.004],[3333.28,0.693],[3333.34,0.008]]},"raw":{}}
{"exchange":"bybit","instance_id":"A","symbol":"ETH-USD","event_ts":1762349856.679,"seq":55846904,"depth":{"last_seq":55846904,"bids":[[3332.7,1.29102],[3332.59,0.19923],[3332.45,0.45263],[3332.44,0.75029],[3332.43,0.69905],[3332.41,0.012],[3332.38,0.05],[3332.32,0.62887],[3332.3,0.11535],[3332.29,0.30327],[3332.28,0.06095],[3332.26,1.58942],[3332.25,1.85433],[3332.23,0.58944],[3332.22,1.16409],[3332.21,0.56497],[3332.2,0.48943],[3332.17,1.99034],[3332.16,2.02541],[3332.15,1.98977]],"asks":[[3332.71,12.48249],[3332.79,0.75022],[3332.86,0.9402],[3332.87,0.03777],[3332.93,0.30003],[3332.97,4.50049],[3332.99,5.14886],[3333.02,0.79844],[3333.03,0.6638],[3333.04,0.88904],[3333.05,0.08108],[3333.06,0.29905],[3333.09,0.03],[3333.1,0.00226],[3333.16,0.52282],[3333.18,0.002],[3333.22,0.004],[3333.26,0.004],[3333.28,0.693],[3333.34,0.008]]},"raw":{}}
{"exchange":"bybit","instance_id":"A","symbol":"ETH-USD","event_ts":1762349856.699,"seq":55846905,"depth":{"last_seq":55846905,"bids":[[3332.7,1.29102],[3332.59,0.19923],[3332.45,0.45263],[3332.44,0.75029],[3332.43,0.69905],[3332.41,0.012],[3332.38,0.05],[3332.32,0.62887],[3332.3,0.11535],[3332.29,0.30327],[3332.28,0.06095],[3332.26,1.58942],[3332.25,1.85433],[3332.23,0.58944],[3332.22,1.16409],[3332.21,0.56497],[3332.2,0.48943],[3332.17,1.99034],[3332.16,2.02541],[3332.15,1.98977]],"asks":[[3332.71,12.48249],[3332.79,0.75022],[3332.86,0.9402],[3332.87,0.03777],[3332.93,0.30003],[3332.97,4.50049],[3332.99,5.14886],[3333.02,0.79844],[3333.03,0.6638],[3333.04,0.88904],[3333.05,0.08108],[3333.06,0.29905],[3333.09,0.03],[3333.1,0.00226],[3333.16,0.52282],[3333.18,0.002],[3333.22,0.004],[3333.26,0.004],[3333.28,0.693],[3333.34,0.008]]},"raw":{}}
{"exchange":"bybit","instance_id":"A","symbol":"ETH-USD","event_ts":1762349856.719,"seq":55846906,"depth":{"last_seq":55846906,"bids":[[3332.7,1.29102],[3332.59,0.19923],[3332.45,0.45263],[3332.44,0.75029],[3332.43,0.69905],[3332.41,0.012],[3332.38,0.05],[3332.32,0.62887],[3332.3,0.11535],[3332.29,0.30327],[3332.28,0.06095],[3332.26,1.58942],[3332.25,1.85433],[3332.23,0.58944],[3332.22,1.16409],[3332.21,0.56497],[3332.2,0.48943],[3332.17,1.99034],[3332.16,2.02541],[3332.15,1.98977]],"asks":[[3332.71,12.78254],[3332.79,0.75022],[3332.86,0.9402],[3332.87,0.03777],[3332.93,0.30003],[3332.97,4.50049],[3332.99,5.14886],[3333.02,0.79844],[3333.03,0.6638],[3333.04,0.88904],[3333.05,0.08108],[3333.06,0.29905],[3333.09,0.03],[3333.1,0.00226],[3333.16,0.52282],[3333.18,0.002],[3333.22,0.004],[3333.26,0.004],[3333.28,0.693],[3333.34,0.008]]},"raw":{}}
{"exchange":"bybit","instance_id":"A","symbol":"ETH-USD","event_ts":1762349856.739,"seq":55846907,"depth":{"last_seq":55846907,"bids":[[3332.7,1.29102],[3332.59,0.19923],[3332.45,0.45263],[3332.44,0.75029],[3332.43,0.69905],[3332.41,0.012],[3332.38,0.05],[3332.32,0.62887],[3332.3,0.11535],[3332.29,0.30327],[3332.28,0.06095],[3332.26,1.58942],[3332.25,1.85433],[3332.23,0.58944],[3332.22,1.16409],[3332.21,0.56497],[3332.2,0.48943],[3332.17,1.99034],[3332.16,2.02541],[3332.15,1.98977]],"asks":[[3332.71,12.78254],[3332.76,1.20022],[3332.79,0.75022],[3332.86,0.9402],[3332.87,0.03777],[3332.93,0.30003],[3332.97,4.50049],[3332.99,5.14886],[3333.02,0.79844],[3333.03,0.6638],[3333.04,0.88904],[3333.05,0.08108],[3333.06,0.29905],[3333.09,0.03],[3333.1,0.00226],[3333.16,0.52282],[3333.18,0.002],[3333.22,0.004],[3333.26,0.004],[3333.28,0.693]]},"raw":{}}
{"exchange":"bybit","instance_id":"A","symbol":"ETH-USD","event_ts":1762349856.759,"seq":55846908,"depth":{"last_seq":55846908,"bids":[[3332.7,1.29102],[3332.59,0.19923],[3332.45,0.45263],[3332.44,0.75029],[3332.43,0.69905],[3332.41,0.012],[3332.38,0.05],[3332.32,0.62887],[3332.3,0.11535],[3332.29,0.30327],[3332.28,0.06095],[3332.26,1.58942],[3332.25,1.85433],[3332.23,0.58944],[3332.22,1.16409],[3332.21,0.56497],[3332.2,0.48943],[3332.17,1.99034],[3332.16,2.02541],[3332.15,1.98977]],"asks":[[3332.71,12.78254],[3332.79,0.75022],[3332.86,0.9402],[3332.87,0.03777],[3332.93,0.30003],[3332.97,4.50049],[3332.99,5.14886],[3333.02,0.79844],[3333.03,0.6638],[3333.04,0.88904],[3333.05,0.08108],[3333.06,0.29905],[3333.09,0.03],[3333.1,0.00226],[3333.16,0.52282],[3333.18,0.002],[3333.22,0.004],[3333.26,0.004],[3333.28,0.693],[3333.34,0.008]]},"raw":{}}
{"exchange":"bybit","instance_id":"A","symbol":"ETH-USD","event_ts":1762349856.859,"seq":55846909,"depth":{"last_seq":55846909,"bids":[[3332.7,1.59107],[3332.59,0.19923],[3332.45,0.45263],[3332.44,0.75029],[3332.43,0.69905],[3332.41,0.012],[3332.38,0.05],[3332.32,0.62887],[3332.3,0.11535],[3332.29,0.30327],[3332.28,0.06095],[3332.26,1.58942],[3332.25,1.85433],[3332.23,0.58944],[3332.22,1.16409],[3332.21,0.56497],[3332.2,0.48943],[3332.17,1.99034],[3332.16,2.02541],[3332.15,1.98977]],"asks":[[3332.71,12.63054],[3332.75,0.30005],[3332.79,0.75022],[3332.86,0.9402],[3332.87,0.03777],[3332.97,4.50049],[3332.99,5.14886],[3333.02,0.79844],[3333.03,0.6638],[3333.04,0.88904],[3333.05,0.08108],[3333.06,0.29905],[3333.09,0.03],[3333.1,0.00226],[3333.16,0.52282],[3333.18,0.002],[3333.22,0.004],[3333.26,0.004],[3333.28,0.693],[3333.34,0.008]]},"raw":{}}
{"exchange":"bybit","instance_id":"A","symbol":"ETH-USD","event_ts":1762349856.879,"seq":55846910,"depth":{"last_seq":55846910,"bids":[[3332.7,1.59107],[3332.59,0.19923],[3332.45,0.45263],[3332.44,0.75029],[3332.43,0.69905],[3332.41,0.012],[3332.38,0.05],[3332.32,0.62887],[3332.3,0.11535],[3332.29,0.30327],[3332.28,0.06095],[3332.26,1.58942],[3332.25,1.85433],[3332.23,0.58944],[3332.22,1.16409],[3332.21,0.56497],[3332.2,0.48943],[3332.17,1.99034],[3332.16,2.02541],[3332.15,1.98977]],"asks":[[3332.71,12.63054],[3332.75,0.30005],[3332.79,0.75022],[3332.86,0.9402],[3332.87,0.03777],[3332.97,4.50049],[3332.99,5.14886],[3333.02,0.79844],[3333.03,0.6638],[3333.04,0.88904],[3333.05,0.08108],[3333.06,0.29905],[3333.09,0.03],[3333.1,0.00226],[3333.16,0.52282],[3333.18,0.002],[3333.22,0.004],[3333.26,0.004],[3333.28,0.693],[3333.34,0.008]]},"raw":{}}
{"exchange":"bybit","instance_id":"A","symbol":"ETH-USD","event_ts":1762349856.899,"seq":55846911,"depth":{"last_seq":55846911,"bids":[[3332.7,1.59107],[3332.59,0.19923],[3332.45,0.45263],[3332.44,0.75029],[3332.43,0.69905],[3332.41,0.012],[3332.38,0.05],[3332.32,0.62887],[3332.3,0.11535],[3332.29,0.30327],[3332.28,0.06095],[3332.26,1.58942],[3332.25,1.85433],[3332.23,0.58944],[3332.22,1.16409],[3332.21,0.56497],[3332.2,0.48943],[3332.17,1.99034],[3332.16,2.02541],[3332.15,1.98977]],"asks":[[3332.71,12.5798],[3332.75,0.30005],[3332.79,0.75022],[3332.86,0.9402],[3332.87,0.03777],[3332.97,4.50049],[3332.99,5.14886],[3333.02,0.79844],[3333.03,0.6638],[3333.04,0.88904],[3333.05,0.08108],[3333.06,0.29905],[3333.09,0.03],[3333.1,0.00226],[3333.16,0.52282],[3333.18,0.002],[3333.22,0.004],[3333.26,0.004],[3333.28,0.693],[3333.34,0.008]]},"raw":{}}
{"exchange":"bybit","instance_id":"A","symbol":"ETH-USD","event_ts":1762349856.919,"seq":55846912,"depth":{"last_seq":55846912,"bids":[[3332.7,1.59107],[3332.59,0.19923],[3332.45,0.45263],[3332.44,0.75029],[3332.43,0.69905],[3332.41,0.012],[3332.38,0.05],[3332.32,0.62887],[3332.3,0.11535],[3332.29,0.30327],[3332.28,0.06095],[3332.26,1.58942],[3332.25,1.85433],[3332.23,0.58944],[3332.22,1.16409],[3332.21,0.56497],[3332.2,0.48943],[3332.17,1.99034],[3332.16,2.02541],[3332.15,1.98977]],"asks":[[3332.71,12.58037],[3332.75,0.30005],[3332.79,0.75022],[3332.86,0.9402],[3332.87,0.03777],[3332.97,4.50049],[3332.99,5.14886],[3333.02,0.79844],[3333.03,0.66323],[3333.04,0.88904],[3333.05,0.08108],[3333.06,0.29905],[3333.09,0.03],[3333.1,0.00226],[3333.16,0.52282],[3333.18,0.002],[3333.22,0.004],[3333.26,0.004],[3333.28,0.693],[3333.34,0.008]]},"raw":{}}
{"exchange":"bybit","instance_id":"A","symbol":"ETH-USD","event_ts":1762349856.979,"seq":55846913,"depth":{"last_seq":55846913,"bids":[[3332.7,1.59107],[3332.59,0.19923],[3332.45,0.45263],[3332.44,0.75029],[3332.43,0.69905],[3332.41,0.012],[3332.38,0.05],[3332.32,0.62887],[3332.3,0.11535],[3332.29,0.30327],[3332.28,0.06095],[3332.26,1.58942],[3332.25,1.85433],[3332.23,0.58944],[3332.22,1.16409],[3332.21,0.56497],[3332.2,0.48943],[3332.17,1.99034],[3332.16,2.02541],[3332.15,1.98977]],"asks":[[3332.71,12.5809],[3332.75,0.30005],[3332.79,0.75022],[3332.86,0.9402],[3332.87,0.03777],[3332.97,4.50049],[3332.99,5.14886],[3333.02,0.79844],[3333.03,0.66323],[3333.04,0.88904],[3333.05,0.08108],[3333.06,0.29905],[3333.1,0.00226],[3333.16,0.52282],[3333.18,0.002],[3333.22,0.004],[3333.26,0.004],[3333.28,0.693],[3333.34,0.008],[3333.44,0.01876]]},"raw":{}}
{"exchange":"bybit","instance_id":"A","symbol":"ETH-USD","event_ts":1762349857.0,"seq":55846914,"depth":{"last_seq":55846914,"bids":[[3332.7,1.59107],[3332.59,0.19923],[3332.45,0.45263],[3332.44,0.75029],[3332.43,0.69905],[3332.41,0.012],[3332.38,0.05],[3332.32,0.62887],[3332.3,0.11535],[3332.29,0.30327],[3332.28,0.06095],[3332.26,1.58942],[3332.25,1.85433],[3332.23,0.58944],[3332.22,1.16409],[3332.21,0.56497],[3332.2,0.48943],[3332.17,1.99034],[3332.16,2.02541],[3332.15,1.98977]],"asks":[[3332.71,12.5809],[3332.75,0.30005],[3332.79,0.75022],[3332.86,0.9402],[3332.87,0.03777],[3332.89,0.36],[3332.97,4.50049],[3332.99,5.14886],[3333.02,0.79844],[3333.03,0.66323],[3333.04,0.88904],[3333.05,0.08108],[3333.06,0.29905],[3333.1,0.00226],[3333.16,0.52282],[3333.18,0.002],[3333.22,0.004],[3333.26,0.004],[3333.28,0.693],[3333.34,0.008]]},"raw":{}}
{"exchange":"bybit","instance_id":"A","symbol":"ETH-USD","event_ts":1762349857.039,"seq":55846915,"depth":{"last_seq":55846915,"bids":[[3332.7,1.59107],[3332.59,0.19923],[3332.45,0.45263],[3332.44,0.75029],[3332.43,0.69905],[3332.41,0.012],[3332.38,0.05],[3332.32,0.62887],[3332.3,0.11535],[3332.29,0.30327],[3332.28,0.06095],[3332.26,1.58942],[3332.25,1.85433],[3332.23,0.58944],[3332.22,1.16409],[3332.21,0.56497],[3332.2,0.48943],[3332.17,1.99034],[3332.16,2.02541],[3332.15,1.98977]],"asks":[[3332.71,12.58207],[3332.75,0.30005],[3332.79,0.75022],[3332.86,0.9402],[3332.87,0.03777],[3332.89,0.36],[3332.97,4.50049],[3332.99,5.14886],[3333.02,0.79844],[3333.03,0.66206],[3333.04,0.88904],[3333.05,0.08108],[3333.06,0.29905],[3333.1,0.00226],[3333.16,0.52282],[3333.18,0.002],[3333.22,0.004],[3333.26,0.004],[3333.28,0.693],[3333.34,0.008]]},"raw":{}}
{"exchange":"bybit","instance_id":"A","symbol":"ETH-USD","event_ts":1762349857.059,"seq":55846916,"depth":{"last_seq":55846916,"bids":[[3332.7,1.59107],[3332.59,0.19923],[3332.45,0.45263],[3332.44,0.75029],[3332.43,0.69905],[3332.41,0.012],[3332.38,0.05],[3332.32,0.62887],[3332.3,0.11535],[3332.29,0.30327],[3332.28,0.06095],[3332.26,1.58942],[3332.25,1.85433],[3332.23,0.58944],[3332.22,1.16409],[3332.21,0.56497],[3332.2,0.48943],[3332.17,1.99034],[3332.16,2.02541],[3332.15,1.98977]],"asks":[[3332.71,12.58284],[3332.73,0.03],[3332.75,0.30005],[3332.79,0.75022],[3332.86,0.9402],[3332.87,0.03777],[3332.89,0.36],[3332.97,4.50049],[3332.99,5.14886],[3333.02,0.79844],[3333.03,0.66129],[3333.04,0.88904],[3333.05,0.08108],[3333.06,0.29905],[3333.1,0.00226],[3333.16,0.52282],[3333.18,0.002],[3333.22,0.004],[3333.26,0.004],[3333.28,0.693]]},"raw":{}}
{"exchange":"bybit","instance_id":"A","symbol":"ETH-USD","event_ts":1762349857.099,"seq":55846917,"depth":{"last_seq":55846917,"bids":[[3332.7,1.59158],[3332.59,0.19923],[3332.45,0.45263],[3332.44,0.75029],[3332.43,0.69905],[3332.41,0.012],[3332.38,0.05],[3332.32,0.62887],[3332.3,0.11535],[3332.29,0.30327],[3332.28,0.06095],[3332.26,1.58942],[3332.25,1.85433],[3332.23,0.58944],[3332.22,1.16409],[3332.21,0.56497],[3332.2,0.48943],[3332.17,1.99034],[3332.16,2.02541],[3332.15,1.98977]],"asks":[[3332.71,12.58541],[3332.73,0.03],[3332.75,0.30005],[3332.79,0.75022],[3332.86,0.9402],[3332.87,0.03777],[3332.89,0.36],[3332.97,4.50049],[3332.99,5.14886],[3333.02,0.79844],[3333.03,0.65872],[3333.04,0.88904],[3333.05,0.08108],[3333.06,0.29905],[3333.1,0.00226],[3333.16,0.52282],[3333.18,0.002],[3333.22,0.004],[3333.26,0.004],[3333.28,0.693]]},"raw":{}}
{"exchange":"bybit","instance_id":"A","symbol":"ETH-USD","event_ts":1762349857.119,"seq":55846918,"depth":{"last_seq":55846918,"bids":[[3332.7,1.59227],[3332.59,0.19923],[3332.45,0.45263],[3332.44,0.75029],[3332.43,0.69905],[3332.41,0.012],[3332.38,0.05],[3332.32,0.62887],[3332.3,0.11535],[3332.29,0.30327],[3332.28,0.06095],[3332.26,1.58942],[3332.25,1.85433],[3332.23,0.58944],[3332.22,1.16409],[3332.21,0.56497],[3332.2,0.48943],[3332.17,1.99034],[3332.16,2.02541],[3332.15,1.98977]],"asks":[[3332.71,12.34678],[3332.73,0.03],[3332.75,0.30005],[3332.79,0.75022],[3332.86,0.9402],[3332.87,0.03777],[3332.89,0.36],[3332.97,4.50049],[3332.99,5.14886],[3333.02,0.79844],[3333.03,0.65872],[3333.04,0.88904],[3333.05,0.08108],[3333.06,0.29905],[3333.1,0.00226],[3333.16,0.52282],[3333.18,0.002],[3333.22,0.004],[3333.26,0.004],[3333.28,0.693]]},"raw":{}}
{"exchange":"bybit","instance_id":"A","symbol":"ETH-USD","event_ts":1762349857.139,"seq":55846919,"depth":{"last_seq":55846919,"bids":[[3332.7,1.59227],[3332.59,0.19923],[3332.45,0.45263],[3332.44,0.75029],[3332.43,0.69905],[3332.41,0.012],[3332.38,0.05],[3332.32,0.62887],[3332.3,0.11535],[3332.29,0.30327],[3332.26,1.58942],[3332.25,1.85433],[3332.23,0.58944],[3332.22,1.16409],[3332.21,0.56497],[3332.2,0.48943],[3332.17,1.99034],[3332.16,2.02541],[3332.15,1.98977],[3332.13,0.75037]],"asks":[[3332.71,12.58556],[3332.73,0.03],[3332.75,0.30005],[3332.79,0.75022],[3332.86,0.9402],[3332.87,0.03777],[3332.89,0.36],[3332.97,4.50049],[3332.99,5.14886],[3333.02,0.79844],[3333.03,0.65872],[3333.04,0.88904],[3333.05,0.08108],[3333.06,0.29905],[3333.1,0.00226],[3333.16,0.52282],[3333.18,0.002],[3333.22,0.004],[3333.26,0.004],[3333.28,0.693]]},"raw":{}}
{"exchange":"bybit","instance_id":"A","symbol":"ETH-USD","event_ts":1762349857.159,"seq":55846920,"depth":{"last_seq":55846920,"bids":[[3332.7,1.59227],[3332.59,0.19923],[3332.45,0.45263],[3332.44,0.75029],[3332.43,0.69905],[3332.41,0.012],[3332.38,0.05],[3332.32,0.62887],[3332.3,0.11535],[3332.29,0.30327],[3332.28,0.06095],[3332.26,1.58942],[3332.25,1.85433],[3332.23,0.58944],[3332.22,1.16409],[3332.21,0.56497],[3332.2,0.48943],[3332.17,1.99034],[3332.16,2.02541],[3332.15,1.98977]],"asks":[[3332.71,12.59456],[3332.73,0.03],[3332.75,0.30005],[3332.79,0.75022],[3332.86,0.9402],[3332.87,0.03777],[3332.89,0.36],[3332.97,4.50049],[3332.99,5.14886],[3333.02,0.79844],[3333.03,0.64972],[3333.04,0.88904],[3333.05,0.08108],[3333.06,0.29905],[3333.1,0.00226],[3333.16,0.52282],[3333.18,0.002],[3333.22,0.004],[3333.26,0.004],[3333.28,0.693]]},"raw":{}}
{"exchange":"bybit","instance_id":"A","symbol":"ETH-USD","event_ts":1762349857.179,"seq":55846921,"depth":{"last_seq":55846921,"bids":[[3332.7,1.59298],[3332.59,0.19923],[3332.45,0.45263],[3332.44,0.75029],[3332.43,0.69905],[3332.41,0.012],[3332.38,0.05],[3332.32,0.62887],[3332.3,0.11535],[3332.29,0.30327],[3332.28,0.06095],[3332.26,1.58942],[3332.25,1.85433],[3332.23,0.58944],[3332.22,1.16409],[3332.21,0.56497],[3332.2,0.48943],[3332.17,1.99034],[3332.16,2.02541],[3332.15,1.98977]],"asks":[[3332.71,12.59456],[3332.73,0.03],[3332.75,0.30005],[3332.79,0.75022],[3332.86,0.9402],[3332.87,0.03777],[3332.89,0.36],[3332.97,4.50049],[3332.99,5.14886],[3333.02,0.79844],[3333.03,0.64972],[3333.04,0.88904],[3333.05,0.08108],[3333.06,0.29905],[3333.1,0.00226],[3333.16,0.52282],[3333.18,0.002],[3333.22,0.004],[3333.26,0.004],[3333.28,0.693]]},"raw":{}}
{"exchange":"bybit","instance_id":"A","symbol":"ETH-USD","event_ts":1762349857.219,"seq":55846922,"depth":{"last_seq":55846922,"bids":[[3332.7,1.59298],[3332.59,0.19923],[3332.45,0.45263],[3332.44,0.75029],[3332.43,0.69905],[3332.41,0.012],[3332.38,0.05],[3332.32,0.62887],[3332.3,0.11535],[3332.29,0.30327],[3332.28,0.06095],[3332.26,1.58942],[3332.25,1.85433],[3332.23,0.58944],[3332.22,1.16409],[3332.21,0.56497],[3332.2,0.48943],[3332.17,1.99034],[3332.16,2.02541],[3332.15,1.98977]],"asks":[[3332.71,12.59456],[3332.73,0.03],[3332.75,0.30005],[3332.79,0.75022],[3332.86,0.9402],[3332.87,0.03777],[3332.89,0.36],[3332.97,4.50049],[3332.99,5.14886],[3333.02,0.79844],[3333.03,0.64972],[3333.04,0.88904],[3333.05,0.08108],[3333.06,0.29905],[3333.1,0.00226],[3333.16,0.52282],[3333.18,0.002],[3333.22,0.004],[3333.26,0.004],[3333.28,0.693]]},"raw":{}}
{"exchange":"bybit","instance_id":"A","symbol":"ETH-USD","event_ts":1762349857.259,"seq":55846923,"depth":{"last_seq":55846923,"bids":[[3332.7,2.10657],[3332.59,0.19923],[3332.45,0.45263],[3332.44,0.75029],[3332.43,0.69905],[3332.41,0.012],[3332.38,0.05],[3332.32,0.62887],[3332.3,0.11535],[3332.29,0.30327],[3332.28,0.06095],[3332.26,1.58942],[3332.25,1.85433],[3332.23,0.58944],[3332.22,1.16409],[3332.21,0.56497],[3332.2,0.48943],[3332.17,1.99034],[3332.16,2.02541],[3332.15,1.98977]],"asks":[[3332.71,11.45561],[3332.73,0.03],[3332.75,0.30005],[3332.79,0.75022],[3332.86,0.9402],[3332.87,0.03777],[3332.89,0.36],[3332.97,4.50049],[3332.99,5.14886],[3333.02,0.79844],[3333.03,0.04931],[3333.04,0.88904],[3333.05,0.08108],[3333.06,0.29905],[3333.1,0.00226],[3333.16,0.52282],[3333.18,0.002],[3333.22,0.004],[3333.26,0.004],[3333.28,0.693]]},"raw":{}}
{"exchange":"bybit","instance_id":"A","symbol":"ETH-USD","event_ts":1762349857.279,"seq":55846924,"depth":{"last_seq":55846924,"bids":[[3332.7,2.09234],[3332.59,0.19923],[3332.45,0.45263],[3332.44,0.75029],[3332.43,0.69905],[3332.41,0.012],[3332.38,0.05],[3332.32,0.62887],[3332.3,0.11535],[3332.29,0.30327],[3332.28,0.06095],[3332.26,1.58942],[3332.25,1.85433],[3332.23,0.58944],[3332.22,1.16409],[3332.21,0.56497],[3332.2,0.48943],[3332.17,1.99034],[3332.16,2.02541],[3332.15,1.98977]],"asks":[[3332.71,12.2415],[3332.73,0.03],[3332.75,0.30005],[3332.79,0.75022],[3332.86,0.9402],[3332.87,0.03777],[3332.89,0.36],[3332.97,4.50049],[3332.99,5.14886],[3333.02,0.5509],[3333.03,0.04931],[3333.04,0.88904],[3333.05,0.08108],[3333.06,0.29905],[3333.1,0.00226],[3333.16,0.52282],[3333.18,0.002],[3333.22,0.004],[3333.26,0.004],[3333.28,0.693]]},"raw":{}}
{"exchange":"bybit","instance_id":"A","symbol":"ETH-USD","event_ts":1762349857.299,"seq":55846925,"depth":{"last_seq":55846925,"bids":[[3332.7,2.09234],[3332.59,0.19923],[3332.45,0.45263],[3332.44,0.75029],[3332.43,0.69905],[3332.41,0.012],[3332.38,0.05],[3332.32,0.62887],[3332.3,0.11535],[3332.29,0.30327],[3332.28,0.06095],[3332.26,1.58942],[3332.25,1.85433],[3332.23,0.58944],[3332.22,1.16409],[3332.21,0.56497],[3332.2,0.48943],[3332.17,1.99034],[3332.16,2.02541],[3332.15,1.98977]],"asks":[[3332.71,12.2415],[3332.73,0.03],[3332.75,0.30005],[3332.79,0.75022],[3332.86,0.9402],[3332.87,0.03777],[3332.89,0.36],[3332.97,4.50049],[3332.99,5.14886],[3333.02,0.5509],[3333.03,0.04931],[3333.04,0.88904],[3333.05,0.08108],[3333.06,0.29905],[3333.1,0.00226],[3333.16,0.52282],[3333.18,0.002],[3333.22,0.004],[3333.26,0.004],[3333.28,0.693]]},"raw":{}}
{"exchange":"bybit","instance_id":"A","symbol":"ETH-USD","event_ts":1762349857.339,"seq":55846926,"depth":{"last_seq":55846926,"bids":[[3332.7,2.09234],[3332.59,0.19923],[3332.45,0.45263],[3332.44,0.75029],[3332.43,0.69905],[3332.41,0.012],[3332.38,0.05],[3332.32,0.62887],[3332.3,0.11535],[3332.29,0.30327],[3332.28,0.06095],[3332.26,1.58942],[3332.25,1.85433],[3332.23,0.58944],[3332.22,1.16409],[3332.21,0.56497],[3332.2,0.48943],[3332.17,1.99034],[3332.16,2.02541],[3332.15,1.98977]],"asks":[[3332.71,12.2415],[3332.73,0.03],[3332.75,0.30005],[3332.79,0.75022],[3332.86,0.9402],[3332.87,0.03777],[3332.89,0.36],[3332.97,4.50049],[3332.99,5.14886],[3333.02,0.5509],[3333.03,0.04931],[3333.04,0.88904],[3333.05,0.08108],[3333.06,0.29905],[3333.1,0.00226],[3333.16,0.52282],[3333.18,0.002],[3333.22,0.004],[3333.26,0.004],[3333.28,0.693]]},"raw":{}}
{"exchange":"bybit","instance_id":"A","symbol":"ETH-USD","event_ts":1762349857.359,"seq":55846927,"depth":{"last_seq":55846927,"bids":[[3332.7,2.09285],[3332.59,0.19923],[3332.45,0.45263],[3332.44,0.75029],[3332.43,0.69905],[3332.41,0.012],[3332.38,0.05],[3332.32,0.62887],[3332.3,0.11535],[3332.29,0.30327],[3332.28,0.06095],[3332.26,1.58942],[3332.25,1.85433],[3332.23,0.58944],[3332.22,1.16409],[3332.21,0.56497],[3332.2,0.48943],[3332.17,1.99034],[3332.16,2.02541],[3332.15,1.98977]],"asks":[[3332.71,12.2415],[3332.73,0.03],[3332.74,0.31351],[3332.75,0.30005],[3332.79,0.75022],[3332.86,0.9402],[3332.87,0.03777],[3332.89,0.36],[3332.97,4.50049],[3332.99,5.14886],[3333.02,0.5509],[3333.03,0.04931],[3333.04,0.88904],[3333.05,0.08108],[3333.06,0.29905],[3333.1,0.00226],[3333.16,0.52282],[3333.18,0.002],[3333.22,0.004],[3333.26,0.004]]},"raw":{}}
{"exchange":"bybit","instance_id":"A","symbol":"ETH-USD","event_ts":1762349857.379,"seq":55846928,"depth":{"last_seq":55846928,"bids":[[3332.7,2.09285],[3332.59,0.19923],[3332.45,0.45263],[3332.44,0.75029],[3332.43,0.69905],[3332.41,0.012],[3332.38,0.05],[3332.32,0.62887],[3332.3,0.11535],[3332.29,0.30327],[3332.28,0.06095],[3332.26,1.58942],[3332.25,1.85433],[3332.23,0.58944],[3332.22,1.16409],[3332.21,0.56497],[3332.2,0.48943],[3332.17,1.99034],[3332.16,2.02541],[3332.15,1.98977]],"asks":[[3332.71,12.2415],[3332.73,0.03],[3332.74,0.31351],[3332.75,0.30005],[3332.79,0.75022],[3332.86,0.9402],[3332.87,0.03777],[3332.89,0.36],[3332.96,2.88033],[3332.97,4.50049],[3332.99,5.14886],[3333.02,0.5509],[3333.03,0.04931],[3333.04,0.88904],[3333.05,0.08108],[3333.06,0.29905],[3333.1,0.00226],[3333.16,0.52282],[3333.18,0.002],[3333.22,0.004]]},"raw":{}}
{"exchange":"bybit","instance_id":"A","symbol":"ETH-USD","event_ts":1762349857.439,"seq":55846929,"depth":{"last_seq":55846929,"bids":[[3332.7,2.09337],[3332.59,0.19923],[3332.45,0.45263],[3332.44,0.75029],[3332.43,0.69905],[3332.41,0.012],[3332.38,0.05],[3332.32,0.62887],[3332.3,0.11535],[3332.29,0.30327],[3332.28,0.06095],[3332.26,1.58942],[3332.25,1.85433],[3332.23,0.58944],[3332.22,1.16409],[3332.21,0.56497],[3332.2,0.48943],[3332.17,1.99034],[3332.16,2.02541],[3332.15,1.98977]],"asks":[[3332.71,12.2415],[3332.73,0.03],[3332.74,0.31351],[3332.75,0.30005],[3332.79,0.75022],[3332.86,0.9402],[3332.87,0.03777],[3332.89,0.36],[3332.96,2.88033],[3332.97,4.50049],[3332.99,5.14886],[3333.02,0.5509],[3333.03,0.04931],[3333.04,0.88904],[3333.05,0.08108],[3333.06,0.29905],[3333.1,0.00226],[3333.16,0.52282],[3333.18,0.002],[3333.22,0.004]]},"raw":{}}
{"exchange":"bybit","instance_id":"A","symbol":"ETH-USD","event_ts":1762349857.459,"seq":55846930,"depth":{"last_seq":55846930,"bids":[[3332.7,2.09337],[3332.59,0.19923],[3332.45,0.45263],[3332.44,0.75029],[3332.43,0.69905],[3332.41,0.012],[3332.38,0.05],[3332.32,0.62887],[3332.3,0.11535],[3332.29,0.30327],[3332.28,0.06095],[3332.26,1.58942],[3332.25,1.85433],[3332.23,0.58944],[3332.22,1.16409],[3332.21,0.56497],[3332.2,0.48943],[3332.17,1.99034],[3332.16,2.02541],[3332.15,1.98977]],"asks":[[3332.71,12.2415],[3332.73,0.03],[3332.74,0.31351],[3332.75,0.30005],[3332.79,0.75022],[3332.86,0.9402],[3332.87,0.03777],[3332.89,0.36],[3332.96,2.88033],[3332.97,4.50049],[3332.99,5.14886],[3333.02,0.5509],[3333.03,0.04931],[3333.04,0.88904],[3333.05,0.08108],[3333.06,0.29905],[3333.1,0.00226],[3333.16,0.52282],[3333.18,0.002],[3333.22,0.004]]},"raw":{}}
{"exchange":"bybit","instance_id":"A","symbol":"ETH-USD","event_ts":1762349857.479,"seq":55846931,"depth":{"last_seq":55846931,"bids":[[3332.7,2.09337],[3332.59,0.19923],[3332.45,0.45263],[3332.44,0.75029],[3332.43,0.69905],[3332.41,0.012],[3332.38,0.05],[3332.32,0.62887],[3332.3,0.11535],[3332.29,0.30327],[3332.28,0.06095],[3332.26,1.58942],[3332.25,1.85433],[3332.23,0.58944],[3332.22,1.16409],[3332.21,0.56497],[3332.2,0.48943],[3332.17,1.99034],[3332.16,2.02541],[3332.15,1.98977]],"asks":[[3332.71,12.2415],[3332.73,0.03],[3332.74,0.31351],[3332.75,0.30005],[3332.79,0.75022],[3332.86,0.9402],[3332.87,0.03777],[3332.89,0.36],[3332.96,3.57333],[3332.97,4.50049],[3332.99,5.14886],[3333.02,0.5509],[3333.03,0.04931],[3333.04,0.88904],[3333.05,0.08108],[3333.06,0.29905],[3333.1,0.00226],[3333.16,0.52282],[3333.18,0.002],[3333.22,0.004]]},"raw":{}}
{"exchange":"bybit","instance_id":"A","symbol":"ETH-USD","event_ts":1762349857.499,"seq":55846932,"depth":{"last_seq":55846932,"bids":[[3332.7,2.09337],[3332.59,0.19923],[3332.45,0.45263],[3332.44,0.75029],[3332.43,0.69905],[3332.41,0.012],[3332.38,0.05],[3332.32,0.62887],[3332.3,0.11535],[3332.29,0.30327],[3332.28,0.06095],[3332.26,1.58942],[3332.25,1.85433],[3332.23,0.58944],[3332.22,1.16409],[3332.21,0.56497],[3332.2,0.48943],[3332.17,1.99034],[3332.16,2.02541],[3332.15,1.98977]],"asks":[[3332.71,12.24203],[3332.73,0.03],[3332.74,0.31351],[3332.75,0.30005],[3332.79,0.75022],[3332.86,0.9402],[3332.87,0.03777],[3332.89,0.36],[3332.96,3.57333],[3332.97,4.50049],[3332.99,5.14886],[3333.02,0.5509],[3333.03,0.04878],[3333.04,0.88904],[3333.05,0.08108],[3333.06,0.29905],[3333.1,0.00226],[3333.16,0.52282],[3333.18,0.002],[3333.22,0.004]]},"raw":{}}
{"exchange":"bybit","instance_id":"A","symbol":"ETH-USD","event_ts":1762349857.539,"seq":55846933,"depth":{"last_seq":55846933,"bids":[[3332.7,1.77968],[3332.59,0.19923],[3332.48,0.15005],[3332.45,0.45263],[3332.44,0.75029],[3332.43,0.69905],[3332.41,0.012],[3332.38,0.05],[3332.32,0.62887],[3332.3,0.11535],[3332.29,0.30327],[3332.28,0.06095],[3332.26,1.58942],[3332.25,1.85433],[3332.23,0.58944],[3332.22,1.16409],[3332.21,0.56497],[3332.2,0.48943],[3332.17,1.99034],[3332.16,2.02541]],"asks":[[3332.71,12.24203],[3332.73,0.03],[3332.74,0.31351],[3332.75,0.30005],[3332.79,0.75022],[3332.86,0.9402],[3332.87,0.03777],[3332.89,0.36],[3332.96,3.57333],[3332.97,4.50049],[3332.99,5.14886],[3333.02,0.5509],[3333.03,0.04878],[3333.04,0.88904],[3333.05,0.08108],[3333.06,0.29905],[3333.1,0.00226],[3333.16,0.52282],[3333.18,0.002],[3333.22,0.004]]},"raw":{}}
{"exchange":"bybit","instance_id":"A","symbol":"ETH-USD","event_ts":1762349857.559,"seq":55846934,"depth":{"last_seq":55846934,"bids":[[3332.7,1.77968],[3332.59,0.19923],[3332.48,0.15005],[3332.45,0.45263],[3332.44,0.75029],[3332.43,0.69905],[3332.41,0.012],[3332.38,0.05],[3332.32,0.62887],[3332.3,0.11535],[3332.29,0.30327],[3332.28,0.06095],[3332.26,1.58942],[3332.25,1.85433],[3332.23,0.58944],[3332.22,1.16409],[3332.21,0.56497],[3332.2,0.48943],[3332.17,1.99034],[3332.16,2.02541]],"asks":[[3332.71,12.24258],[3332.73,0.03],[3332.74,0.31351],[3332.75,0.30005],[3332.76,0.30005],[3332.79,0.75022],[3332.86,0.9402],[3332.87,0.03777],[3332.89,0.36],[3332.96,3.57333],[3332.97,4.50049],[3332.99,5.14886],[3333.02,0.5509],[3333.03,0.04823],[3333.04,0.88904],[3333.05,0.08108],[3333.06,0.29905],[3333.1,0.00226],[3333.16,0.52282],[3333.18,0.002]]},"raw":{}}
{"exchange":"bybit","instance_id":"A","symbol":"ETH-USD","event_ts":1762349857.579,"seq":55846935,"depth":{"last_seq":55846935,"bids":[[3332.7,0.51815],[3332.59,0.19923],[3332.48,0.15005],[3332.45,0.45263],[3332.44,0.75029],[3332.43,0.69905],[3332.41,0.012],[3332.38,0.05],[3332.32,0.62887],[3332.3,0.11535],[3332.29,0.30327],[3332.28,0.06095],[3332.26,1.58942],[3332.25,1.85433],[3332.23,0.58944],[3332.22,1.16409],[3332.21,0.56497],[3332.2,0.48943],[3332.17,1.99034],[3332.16,2.02541]],"asks":[[3332.71,12.36013],[3332.73,0.03],[3332.74,0.31351],[3332.75,0.30005],[3332.76,0.30005],[3332.78,0.00223],[3332.79,0.75022],[3332.86,0.9402],[3332.87,0.03777],[3332.89,0.36],[3332.96,3.57333],[3332.99,0.6484],[3333.02,0.5509],[3333.03,0.04768],[3333.04,0.88904],[3333.05,0.08108],[3333.06,0.29905],[3333.1,0.00226],[3333.16,0.52282],[3333.18,0.002]]},"raw":{}}
{"exchange":"bybit","instance_id":"A","symbol":"ETH-USD","event_ts":1762349857.599,"seq":55846936,"depth":{"last_seq":55846936,"bids":[[3332.7,0.51815],[3332.59,0.19923],[3332.48,0.15005],[3332.45,0.45263],[3332.44,0.75029],[3332.43,0.69905],[3332.41,0.012],[3332.38,0.05],[3332.32,0.62887],[3332.3,0.11535],[3332.29,0.30327],[3332.28,0.06095],[3332.26,1.58942],[3332.25,1.85433],[3332.23,0.58944],[3332.22,1.16409],[3332.21,0.56497],[3332.2,0.48943],[3332.17,1.99034],[3332.16,2.02541]],"asks":[[3332.71,12.36013],[3332.73,0.03],[3332.74,0.31351],[3332.75,0.30005],[3332.76,0.30005],[3332.78,0.00223],[3332.79,0.75022],[3332.85,0.79979],[3332.86,0.9402],[3332.87,0.03777],[3332.89,0.36],[3332.96,0.693],[3332.99,0.6484],[3333.02,0.5509],[3333.03,0.04768],[3333.04,0.88904],[3333.05,0.08108],[3333.06,0.29905],[3333.1,0.00226],[3333.16,0.52282]]},"raw":{}}
{"exchange":"bybit","instance_id":"A","symbol":"ETH-USD","event_ts":1762349857.619,"seq":55846937,"depth":{"last_seq":55846937,"bids":[[3332.7,0.36615],[3332.59,0.19923],[3332.48,0.15005],[3332.44,0.75029],[3332.43,0.69905],[3332.41,0.012],[3332.38,0.05],[3332.32,0.62887],[3332.3,0.11535],[3332.29,0.30327],[3332.28,0.06095],[3332.26,1.58942],[3332.25,1.85433],[3332.23,0.58944],[3332.22,1.16409],[3332.21,0.56497],[3332.2,0.48943],[3332.17,1.99034],[3332.16,2.02541],[3332.15,1.98977]],"asks":[[3332.71,12.39513],[3332.73,0.03],[3332.74,0.31351],[3332.75,0.30005],[3332.76,0.30005],[3332.78,0.00223],[3332.79,0.75022],[3332.85,0.79979],[3332.86,0.9402],[3332.87,0.03777],[3332.89,0.36],[3332.96,0.693],[3332.99,0.6484],[3333.02,0.5509],[3333.03,0.04768],[3333.04,0.88904],[3333.05,0.08108],[3333.06,0.29905],[3333.1,0.00226],[3333.16,0.52282]]},"raw":{}}
{"exchange":"bybit","instance_id":"A","symbol":"ETH-USD","event_ts":1762349857.639,"seq":55846938,"depth":{"last_seq":55846938,"bids":[[3332.7,0.36615],[3332.59,0.19923],[3332.45,0.45113],[3332.43,0.69905],[3332.41,0.012],[3332.38,0.05],[3332.32,0.62887],[3332.3,0.11535],[3332.29,0.30327],[3332.28,0.21101],[3332.26,1.58942],[3332.25,1.85433],[3332.23,0.58944],[3332.22,1.16409],[3332.21,0.56497],[3332.2,0.48943],[3332.17,1.99034],[3332.16,2.02541],[3332.15,1.98977],[3332.13,0.75037]],"asks":[[3332.71,12.39513],[3332.73,0.03],[3332.74,0.31351],[3332.75,0.30005],[3332.76,0.30005],[3332.78,0.00223],[3332.79,0.75022],[3332.85,0.79979],[3332.86,0.9402],[3332.87,0.03777],[3332.89,0.36],[3332.95,4.50052],[3332.96,0.693],[3332.99,0.6484],[3333.02,0.5509],[3333.03,0.04768],[3333.04,0.88904],[3333.05,0.08108],[3333.06,0.29905],[3333.1,0.00226]]},"raw":{}}
{"exchange":"bybit","instance_id":"A","symbol":"ETH-USD","event_ts":1762349857.659,"seq":55846939,"depth":{"last_seq":55846939,"bids":[[3332.7,0.36615],[3332.59,0.19923],[3332.43,0.69905],[3332.41,0.012],[3332.38,0.05],[3332.32,0.62887],[3332.3,0.11535],[3332.29,0.30327],[3332.28,0.21101],[3332.26,1.58942],[3332.25,1.85433],[3332.23,0.58944],[3332.22,1.16409],[3332.21,0.56497],[3332.2,0.48943],[3332.17,1.99034],[3332.16,2.02541],[3332.15,1.98977],[3332.13,0.75037],[3332.12,0.45604]],"asks":[[3332.71,12.39513],[3332.73,0.03],[3332.74,0.31351],[3332.75,0.30005],[3332.76,0.30005],[3332.78,0.00223],[3332.79,0.75022],[3332.82,0.004],[3332.85,2.04095],[3332.86,0.9402],[3332.87,0.03777],[3332.89,0.36],[3332.95,4.50052],[3332.96,0.693],[3332.99,0.6484],[3333.02,0.5509],[3333.03,0.04768],[3333.04,0.88904],[3333.05,0.08108],[3333.06,0.29905]]},"raw":{}}
{"exchange":"bybit","instance_id":"A","symbol":"ETH-USD","event_ts":1762349857.679,"seq":55846940,"depth":{"last_seq":55846940,"bids":[[3332.7,0.36745],[3332.59,0.19923],[3332.43,0.69905],[3332.41,0.012],[3332.38,0.05],[3332.32,0.62887],[3332.3,0.11535],[3332.29,0.30327],[3332.28,0.21101],[3332.26,1.58942],[3332.25,1.85433],[3332.23,0.58944],[3332.22,1.16409],[3332.21,0.56497],[3332.2,0.48943],[3332.17,1.99034],[3332.16,2.02541],[3332.15,1.98977],[3332.13,0.75037],[3332.12,0.45604]],"asks":[[3332.71,12.39513],[3332.73,0.03],[3332.74,0.31351],[3332.75,0.30005],[3332.76,0.30005],[3332.78,0.00223],[3332.79,0.75022],[3332.82,0.004],[3332.85,2.04095],[3332.86,0.9402],[3332.87,0.03777],[3332.89,0.36],[3332.95,4.50052],[3332.96,0.693],[3332.97,4.50049],[3332.99,0.6484],[3333.02,0.5509],[3333.03,0.04768],[3333.04,0.88904],[3333.05,0.08108]]},"raw":{}}
{"exchange":"bybit","instance_id":"A","symbol":"ETH-USD","event_ts":1762349857.699,"seq":55846941,"depth":{"last_seq":55846941,"bids":[[3332.7,0.36745],[3332.59,0.19923],[3332.43,0.69905],[3332.41,0.012],[3332.38,0.05],[3332.32,0.62887],[3332.3,0.11535],[3332.29,0.30327],[3332.28,0.21101],[3332.26,1.58942],[3332.25,1.85433],[3332.23,0.58944],[3332.22,1.16409],[3332.21,0.56497],[3332.2,0.48943],[3332.17,1.99034],[3332.16,2.02541],[3332.15,1.98977],[3332.13,0.75037],[3332.12,0.45604]],"asks":[[3332.71,12.39513],[3332.73,0.03],[3332.74,0.31351],[3332.75,0.30005],[3332.76,0.30005],[3332.78,0.00223],[3332.79,0.75022],[3332.82,0.004],[3332.85,3.22566],[3332.86,0.9402],[3332.87,0.03777],[3332.89,0.36],[3332.95,4.50052],[3332.96,0.693],[3332.97,4.50049],[3332.99,0.6484],[3333.02,0.5509],[3333.03,0.04768],[3333.04,0.88904],[3333.05,0.08108]]},"raw":{}}
{"exchange":"bybit","instance_id":"A","symbol":"ETH-USD","event_ts":1762349857.719,"seq":55846942,"depth":{"last_seq":55846942,"bids":[[3332.7,0.36745],[3332.59,0.19923],[3332.43,0.69905],[3332.41,0.012],[3332.38,0.05],[3332.32,0.62887],[3332.3,0.11535],[3332.29,0.30327],[3332.28,0.21101],[3332.26,1.58942],[3332.25,1.85433],[3332.23,0.58944],[3332.22,1.16409],[3332.21,0.56497],[3332.2,0.48943],[3332.17,1.99034],[3332.16,2.02541],[3332.15,1.98977],[3332.13,0.75037],[3332.12,0.45604]],"asks":[[3332.71,12.39513],[3332.73,0.03],[3332.74,0.71848],[3332.75,0.30005],[3332.76,0.30005],[3332.78,0.00223],[3332.79,0.75022],[3332.82,0.004],[3332.85,3.22566],[3332.86,0.9402],[3332.87,0.03777],[3332.89,0.36],[3332.95,4.50052],[3332.96,0.693],[3332.97,4.50049],[3332.99,0.6484],[3333.02,0.5509],[3333.03,0.04768],[3333.04,0.88904],[3333.05,0.08108]]},"raw":{}}
{"exchange":"bybit","instance_id":"A","symbol":"ETH-USD","event_ts":1762349857.739,"seq":55846943,"depth":{"last_seq":55846943,"bids":[[3332.7,0.36745],[3332.59,0.19923],[3332.43,0.69905],[3332.41,0.012],[3332.38,0.05],[3332.32,0.62887],[3332.3,0.11535],[3332.29,0.30327],[3332.28,0.21101],[3332.26,1.58942],[3332.25,1.85433],[3332.23,0.58944],[3332.22,1.16409],[3332.21,0.56497],[3332.2,0.48943],[3332.17,1.99034],[3332.16,2.02541],[3332.15,1.98977],[3332.13,0.75037],[3332.12,0.45604]],"asks":[[3332.71,12.39513],[3332.73,0.03],[3332.74,0.71848],[3332.75,0.30005],[3332.76,0.30005],[3332.78,0.00223],[3332.79,0.75022],[3332.82,0.004],[3332.85,3.22566],[3332.86,0.9442],[3332.87,0.03777],[3332.89,0.36],[3332.95,4.50052],[3332.96,0.693],[3332.97,4.50049],[3332.99,0.6484],[3333.02,0.5509],[3333.03,0.04768],[3333.04,0.88904],[3333.05,0.08108]]},"raw":{}}
{"exchange":"bybit","instance_id":"A","symbol":"ETH-USD","event_ts":1762349857.819,"seq":55846944,"depth":{"last_seq":55846944,"bids":[[3332.7,0.36745],[3332.59,0.19923],[3332.43,0.69905],[3332.41,0.012],[3332.38,0.05],[3332.32,0.62887],[3332.3,0.11535],[3332.29,0.30327],[3332.28,0.21101],[3332.26,1.58942],[3332.25,1.85433],[3332.23,0.58944],[3332.22,1.16409],[3332.21,0.56497],[3332.2,0.48943],[3332.17,1.99034],[3332.16,2.02541],[3332.15,1.98977],[3332.13,0.75037],[3332.12,0.45604]],"asks":[[3332.71,12.39513],[3332.73,0.03],[3332.74,0.71848],[3332.75,0.30005],[3332.76,0.30005],[3332.78,0.00223],[3332.79,0.75022],[3332.82,0.004],[3332.85,3.22566],[3332.86,0.9442],[3332.87,0.03777],[3332.89,0.36],[3332.94,0.008],[3332.95,4.50052],[3332.96,0.693],[3332.97,4.50049],[3332.99,0.6484],[3333.02,0.5509],[3333.03,0.04768],[3333.04,0.88904]]},"raw":{}}
{"exchange":"bybit","instance_id":"A","symbol":"ETH-USD","event_ts":1762349857.879,"seq":55846945,"depth":{"last_seq":55846945,"bids":[[3332.7,0.36818],[3332.59,0.19923],[3332.43,0.69905],[3332.41,0.012],[3332.38,0.05],[3332.32,0.62887],[3332.3,0.11535],[3332.29,0.30327],[3332.28,0.21101],[3332.26,1.58942],[3332.25,1.85433],[3332.23,0.58944],[3332.22,1.16409],[3332.21,0.56497],[3332.2,0.48943],[3332.17,1.99034],[3332.16,2.02541],[3332.15,1.98977],[3332.13,0.75037],[3332.12,0.45604]],"asks":[[3332.71,12.39513],[3332.73,0.03],[3332.74,0.71848],[3332.75,0.30005],[3332.76,0.30005],[3332.78,0.00223],[3332.79,0.75022],[3332.82,0.004],[3332.85,3.22566],[3332.86,0.9442],[3332.87,0.03777],[3332.89,0.36],[3332.94,0.008],[3332.95,4.50052],[3332.96,0.693],[3332.97,4.50049],[3332.99,0.6484],[3333.02,0.5509],[3333.03,0.04768],[3333.04,0.88904]]},"raw":{}}
{"exchange":"bybit","instance_id":"A","symbol":"ETH-USD","event_ts":1762349857.899,"seq":55846946,"depth":{"last_seq":55846946,"bids":[[3332.7,0.36888],[3332.59,0.19923],[3332.43,0.69905],[3332.41,0.012],[3332.38,0.05],[3332.32,0.62887],[3332.3,0.11535],[3332.29,0.30327],[3332.28,0.21101],[3332.26,1.58942],[3332.25,1.85433],[3332.23,0.58944],[3332.22,1.16409],[3332.21,0.56497],[3332.2,0.48943],[3332.17,1.99034],[3332.16,2.02541],[3332.15,1.98977],[3332.13,0.75037],[3332.12,0.45604]],"asks":[[3332.71,12.39513],[3332.73,0.03],[3332.74,0.71848],[3332.75,0.30005],[3332.76,0.30005],[3332.78,0.00223],[3332.79,0.75022],[3332.82,0.004],[3332.85,3.22566],[3332.86,0.9442],[3332.87,0.03777],[3332.89,0.36],[3332.94,0.008],[3332.95,4.50052],[3332.96,0.693],[3332.97,4.50049],[3332.99,0.6484],[3333.02,0.5509],[3333.03,0.04768],[3333.04,0.88904]]},"raw":{}}
{"exchange":"bybit","instance_id":"A","symbol":"ETH-USD","event_ts":1762349857.919,"seq":55846947,"depth":{"last_seq":55846947,"bids":[[3332.7,0.36888],[3332.59,0.19923],[3332.43,0.69905],[3332.41,0.012],[3332.38,0.05],[3332.32,0.62887],[3332.3,0.11535],[3332.29,0.30327],[3332.28,0.21101],[3332.26,1.58942],[3332.25,1.85433],[3332.23,0.58944],[3332.22,1.16409],[3332.21,0.56497],[3332.2,0.48943],[3332.17,1.99034],[3332.16,2.02541],[3332.15,1.98977],[3332.13,0.75037],[3332.12,0.45604]],"asks":[[3332.71,12.39513],[3332.73,0.03],[3332.74,0.71848],[3332.75,0.30005],[3332.76,0.30005],[3332.78,0.00223],[3332.79,0.75022],[3332.82,0.004],[3332.85,3.22566],[3332.86,0.9442],[3332.87,0.03777],[3332.89,0.36],[3332.94,0.008],[3332.95,4.50052],[3332.96,0.693],[3332.97,4.50049],[3332.99,0.6484],[3333.02,0.5509],[3333.03,0.04768],[3333.04,0.88904]]},"raw":{}}
{"exchange":"bybit","instance_id":"A","symbol":"ETH-USD","event_ts":1762349857.94,"seq":55846948,"depth":{"last_seq":55846948,"bids":[[3332.7,0.36963],[3332.59,0.19923],[3332.43,0.69905],[3332.41,0.012],[3332.38,0.05],[3332.32,0.62887],[3332.3,0.11535],[3332.29,0.30327],[3332.28,0.21101],[3332.26,1.58942],[3332.25,1.85433],[3332.23,0.58944],[3332.22,1.16409],[3332.21,0.56497],[3332.2,0.48943],[3332.17,1.99034],[3332.16,2.02541],[3332.15,1.98977],[3332.13,0.75037],[3332.12,0.45604]],"asks":[[3332.71,12.39513],[3332.73,0.03],[3332.74,0.71848],[3332.75,0.30005],[3332.76,0.30005],[3332.78,0.00223],[3332.79,0.75022],[3332.82,0.004],[3332.85,3.22566],[3332.86,0.9442],[3332.87,0.03777],[3332.89,0.36],[3332.94,0.008],[3332.95,4.50052],[3332.96,0.693],[3332.97,4.50049],[3332.99,0.6484],[3333.02,0.5509],[3333.03,0.04768],[3333.04,0.88904]]},"raw":{}}
{"exchange":"bybit","instance_id":"A","symbol":"ETH-USD","event_ts":1762349857.98,"seq":55846949,"depth":{"last_seq":55846949,"bids":[[3332.7,0.36963],[3332.59,0.19923],[3332.43,0.69905],[3332.41,0.012],[3332.38,0.05],[3332.32,0.62887],[3332.3,0.11535],[3332.29,0.30327],[3332.28,0.21101],[3332.26,1.58942],[3332.25,1.85433],[3332.23,0.58944],[3332.22,1.16409],[3332.21,0.56497],[3332.2,0.48943],[3332.17,1.99034],[3332.16,2.02541],[3332.15,1.98977],[3332.13,0.75037],[3332.12,0.45604]],"asks":[[3332.71,12.39572],[3332.73,0.03],[3332.74,0.71848],[3332.75,0.30005],[3332.76,0.30005],[3332.78,0.00223],[3332.79,0.75022],[3332.82,0.004],[3332.85,3.22566],[3332.86,0.9442],[3332.87,0.03777],[3332.89,0.36],[3332.94,0.008],[3332.95,4.50052],[3332.96,0.693],[3332.97,4.50049],[3332.99,0.6484],[3333.02,0.5509],[3333.03,0.04768],[3333.04,0.88904]]},"raw":{}}
{"exchange":"bybit","instance_id":"A","symbol":"ETH-USD","event_ts":1762349857.999,"seq":55846950,"depth":{"last_seq":55846950,"bids":[[3332.7,0.36963],[3332.59,0.19923],[3332.43,0.69905],[3332.41,0.012],[3332.38,0.05],[3332.32,0.62887],[3332.3,0.11535],[3332.29,0.30327],[3332.28,0.21101],[3332.26,1.58942],[3332.25,1.85433],[3332.23,0.58944],[3332.22,1.16409],[3332.21,0.56497],[3332.2,0.48943],[3332.17,1.99034],[3332.16,2.02541],[3332.15,1.98977],[3332.13,0.75037],[3332.12,0.45604]],"asks":[[3332.71,12.39572],[3332.73,0.03],[3332.74,0.71848],[3332.75,0.30005],[3332.76,0.30005],[3332.78,0.00223],[3332.79,0.75022],[3332.82,0.004],[3332.85,3.22566],[3332.86,0.9442],[3332.87,0.03777],[3332.89,0.36],[3332.94,0.008],[3332.95,4.50052],[3332.96,0.693],[3332.97,4.50049],[3332.99,0.6484],[3333.02,0.5509],[3333.03,0.04768],[3333.04,0.88904]]},"raw":{}}
{"exchange":"bybit","instance_id":"A","symbol":"ETH-USD","event_ts":1762349858.019,"seq":55846951,"depth":{"last_seq":55846951,"bids":[[3332.7,0.36963],[3332.59,0.19923],[3332.43,0.69905],[3332.42,0.15006],[3332.41,0.012],[3332.38,0.05],[3332.32,0.62887],[3332.3,0.11535],[3332.29,0.30327],[3332.28,0.06095],[3332.26,1.58942],[3332.25,1.85433],[3332.23,0.58944],[3332.22,1.16409],[3332.21,0.56497],[3332.2,0.48943],[3332.17,1.99034],[3332.16,2.02541],[3332.15,1.98977],[3332.13,0.75037]],"asks":[[3332.71,12.39572],[3332.73,0.03],[3332.74,0.31351],[3332.75,0.30005],[3332.76,0.30005],[3332.78,0.00223],[3332.79,0.75022],[3332.82,0.004],[3332.85,3.22566],[3332.86,0.9442],[3332.87,0.03777],[3332.89,0.36],[3332.94,0.008],[3332.95,4.50052],[3332.96,0.693],[3332.97,4.50049],[3332.99,0.6484],[3333.02,0.5509],[3333.03,0.04768],[3333.04,0.88904]]},"raw":{}}
{"exchange":"bybit","instance_id":"A","symbol":"ETH-USD","event_ts":1762349858.079,"seq":55846952,"depth":{"last_seq":55846952,"bids":[[3332.7,0.36963],[3332.59,0.19923],[3332.43,0.69905],[3332.42,0.15006],[3332.41,0.012],[3332.38,0.05],[3332.32,0.62887],[3332.3,0.11535],[3332.29,0.30327],[3332.28,0.06095],[3332.26,1.58942],[3332.25,1.85433],[3332.23,0.58944],[3332.22,1.16409],[3332.21,0.56497],[3332.2,0.48943],[3332.17,1.99034],[3332.16,2.02541],[3332.15,1.98977],[3332.13,0.75037]],"asks":[[3332.71,12.39572],[3332.73,0.03],[3332.74,0.31351],[3332.75,0.30005],[3332.76,0.30005],[3332.78,0.00223],[3332.79,0.75022],[3332.82,0.004],[3332.85,3.22566],[3332.86,0.9442],[3332.87,0.03777],[3332.89,0.36],[3332.94,0.008],[3332.95,4.50052],[3332.96,0.693],[3332.97,4.50049],[3332.99,0.6484],[3333.02,0.5509],[3333.03,0.04768],[3333.04,0.88904]]},"raw":{}}
{"exchange":"bybit","instance_id":"A","symbol":"ETH-USD","event_ts":1762349858.139,"seq":55846953,"depth":{"last_seq":55846953,"bids":[[3332.7,0.48663],[3332.59,0.19923],[3332.43,0.69905],[3332.42,0.15006],[3332.41,0.012],[3332.38,0.05],[3332.32,0.62887],[3332.3,0.11535],[3332.29,0.30327],[3332.28,0.06095],[3332.26,1.58942],[3332.25,1.85433],[3332.23,0.58944],[3332.22,1.16409],[3332.21,0.56497],[3332.2,0.48943],[3332.17,1.99034],[3332.16,2.02541],[3332.15,1.98977],[3332.13,0.75037]],"asks":[[3332.71,12.39572],[3332.73,0.03],[3332.74,0.31351],[3332.75,0.30005],[3332.76,0.30005],[3332.78,0.00223],[3332.79,0.75022],[3332.82,0.004],[3332.85,3.22566],[3332.86,0.9442],[3332.87,0.03777],[3332.89,0.36],[3332.94,0.008],[3332.95,4.50052],[3332.96,0.693],[3332.97,4.50049],[3332.99,0.6484],[3333.02,0.5509],[3333.03,0.04768],[3333.04,0.88904]]},"raw":{}}
{"exchange":"bybit","instance_id":"A","symbol":"ETH-USD","event_ts":1762349858.159,"seq":55846954,"depth":{"last_seq":55846954,"bids":[[3332.7,0.48663],[3332.59,0.19923],[3332.43,0.69905],[3332.42,0.15006],[3332.41,0.012],[3332.38,0.05],[3332.32,0.62887],[3332.3,0.11535],[3332.29,0.30327],[3332.28,0.06095],[3332.26,1.58942],[3332.25,1.85433],[3332.23,0.58944],[3332.22,1.16409],[3332.21,0.56497],[3332.2,0.48943],[3332.17,1.99034],[3332.16,2.02541],[3332.15,1.98977],[3332.13,0.75037]],"asks":[[3332.71,12.39572],[3332.73,0.03],[3332.74,0.31351],[3332.75,0.30005],[3332.76,0.30005],[3332.78,0.00223],[3332.79,0.75022],[3332.82,0.004],[3332.85,3.22566],[3332.86,0.9442],[3332.87,0.03777],[3332.89,0.36],[3332.94,0.008],[3332.95,4.50052],[3332.96,0.693],[3332.97,4.50049],[3332.99,0.6484],[3333.02,0.5509],[3333.03,0.04768],[3333.04,0.88904]]},"raw":{}}
{"exchange":"bybit","instance_id":"A","symbol":"ETH-USD","event_ts":1762349858.199,"seq":55846955,"depth":{"last_seq":55846955,"bids":[[3332.7,0.48713],[3332.59,0.19923],[3332.43,0.69905],[3332.42,0.15006],[3332.41,0.012],[3332.38,0.05],[3332.32,0.62887],[3332.3,0.11535],[3332.29,0.30327],[3332.28,0.06095],[3332.26,1.58942],[3332.25,1.85433],[3332.23,0.58944],[3332.22,1.16409],[3332.21,0.56497],[3332.2,0.48943],[3332.17,1.99034],[3332.16,2.02541],[3332.15,1.98977],[3332.13,0.75037]],"asks":[[3332.71,12.39572],[3332.73,0.03],[3332.74,0.31351],[3332.75,0.30005],[3332.76,0.30005],[3332.78,0.00223],[3332.79,0.75022],[3332.82,0.004],[3332.85,3.22566],[3332.86,0.9442],[3332.87,0.03777],[3332.89,0.36],[3332.94,0.008],[3332.95,4.50052],[3332.96,0.693],[3332.97,4.50049],[3332.99,0.6484],[3333.02,0.5509],[3333.03,0.04768],[3333.04,0.88904]]},"raw":{}}
{"exchange":"bybit","instance_id":"A","symbol":"ETH-USD","event_ts":1762349858.26,"seq":55846956,"depth":{"last_seq":55846956,"bids":[[3332.7,0.48779],[3332.59,0.19923],[3332.43,0.69905],[3332.42,0.15006],[3332.41,0.012],[3332.38,0.05],[3332.32,0.62887],[3332.3,0.11535],[3332.29,0.30327],[3332.28,0.06095],[3332.26,1.58942],[3332.25,1.85433],[3332.23,0.58944],[3332.22,1.16409],[3332.21,0.56497],[3332.2,0.48943],[3332.17,1.99034],[3332.16,2.02541],[3332.15,1.98977],[3332.13,0.75037]],"asks":[[3332.71,12.39572],[3332.73,0.03],[3332.74,0.31351],[3332.75,0.30005],[3332.76,0.30005],[3332.78,0.00223],[3332.79,0.75022],[3332.82,0.004],[3332.85,3.22566],[3332.86,0.9442],[3332.87,0.03777],[3332.89,0.36],[3332.94,0.008],[3332.95,4.50052],[3332.96,0.693],[3332.97,4.50049],[3332.99,0.6484],[3333.02,0.5509],[3333.03,0.03777],[3333.04,0.88904]]},"raw":{}}
{"exchange":"bybit","instance_id":"A","symbol":"ETH-USD","event_ts":1762349858.279,"seq":55846957,"depth":{"last_seq":55846957,"bids":[[3332.7,0.48779],[3332.59,0.19923],[3332.43,0.69905],[3332.42,0.15006],[3332.41,0.012],[3332.38,0.05],[3332.32,0.62887],[3332.3,0.11535],[3332.29,0.30327],[3332.28,0.06095],[3332.26,1.58942],[3332.25,1.85433],[3332.23,0.58944],[3332.22,1.16409],[3332.21,0.56497],[3332.2,0.48943],[3332.17,1.99034],[3332.16,2.02541],[3332.15,1.98977],[3332.13,0.75037]],"asks":[[3332.71,12.39572],[3332.73,0.03],[3332.74,0.31351],[3332.75,0.30005],[3332.76,0.30005],[3332.78,0.00223],[3332.79,0.75022],[3332.82,0.004],[3332.85,3.22566],[3332.86,0.9442],[3332.87,0.03777],[3332.89,0.36],[3332.94,0.008],[3332.95,4.50052],[3332.96,0.693],[3332.97,4.50049],[3332.99,0.6484],[3333.02,0.5509],[3333.03,0.03777],[3333.04,0.88904]]},"raw":{}}
{"exchange":"bybit","instance_id":"A","symbol":"ETH-USD","event_ts":1762349858.319,"seq":55846958,"depth":{"last_seq":55846958,"bids":[[3332.7,0.37479],[3332.59,0.19923],[3332.43,0.69905],[3332.42,0.15006],[3332.41,0.012],[3332.38,0.05],[3332.32,0.62887],[3332.3,0.11535],[3332.29,0.30327],[3332.28,0.06095],[3332.26,1.58942],[3332.25,1.85433],[3332.23,0.58944],[3332.22,1.16409],[3332.21,0.56497],[3332.2,0.48943],[3332.17,1.99034],[3332.16,2.02541],[3332.15,1.98977],[3332.13,0.75037]],"asks":[[3332.71,12.39622],[3332.73,0.03],[3332.74,0.31351],[3332.75,0.30005],[3332.76,0.30005],[3332.78,0.00223],[3332.79,0.75022],[3332.82,0.004],[3332.85,3.22566],[3332.86,0.9442],[3332.87,0.03777],[3332.89,0.36],[3332.94,0.008],[3332.95,4.50052],[3332.96,0.693],[3332.97,4.50049],[3332.99,0.6484],[3333.02,0.5509],[3333.03,0.03777],[3333.04,0.88904]]},"raw":{}}
{"exchange":"bybit","instance_id":"A","symbol":"ETH-USD","event_ts":1762349858.339,"seq":55846959,"depth":{"last_seq":55846959,"bids":[[3332.7,0.61479],[3332.59,0.19923],[3332.43,0.69905],[3332.42,0.15006],[3332.41,0.012],[3332.38,0.05],[3332.32,0.62887],[3332.3,0.11535],[3332.29,0.30327],[3332.28,0.06095],[3332.26,1.58942],[3332.25,1.85433],[3332.23,0.58944],[3332.22,1.16409],[3332.21,0.56497],[3332.2,0.48943],[3332.17,1.99034],[3332.16,2.02541],[3332.15,1.98977],[3332.13,0.75037]],"asks":[[3332.71,12.39622],[3332.73,0.03],[3332.74,0.31351],[3332.75,0.30005],[3332.76,0.30005],[3332.78,0.00223],[3332.79,0.75022],[3332.82,0.004],[3332.85,3.22566],[3332.86,0.9442],[3332.87,0.03777],[3332.89,0.36],[3332.94,0.008],[3332.95,4.50052],[3332.96,0.693],[3332.97,4.50049],[3332.99,0.6484],[3333.02,0.5509],[3333.03,0.03777],[3333.04,0.88904]]},"raw":{}}
{"exchange":"bybit","instance_id":"A","symbol":"ETH-USD","event_ts":1762349858.379,"seq":55846960,"depth":{"last_seq":55846960,"bids":[[3332.7,0.6155],[3332.59,0.19923],[3332.43,0.69905],[3332.42,0.15006],[3332.41,0.012],[3332.38,0.05],[3332.32,0.62887],[3332.3,0.11535],[3332.29,0.30327],[3332.28,0.06095],[3332.26,1.58942],[3332.25,1.85433],[3332.23,0.58944],[3332.22,1.16409],[3332.21,0.56497],[3332.2,0.48943],[3332.17,1.99034],[3332.16,2.02541],[3332.15,1.98977],[3332.13,0.75037]],"asks":[[3332.71,12.39622],[3332.73,0.03],[3332.74,0.31351],[3332.75,0.30005],[3332.76,0.30005],[3332.78,0.00223],[3332.79,0.75022],[3332.82,0.004],[3332.85,3.22566],[3332.86,0.9442],[3332.87,0.03777],[3332.89,0.36],[3332.94,0.008],[3332.95,4.50052],[3332.96,0.693],[3332.97,4.50049],[3332.99,0.6484],[3333.02,0.5509],[3333.03,0.03777],[3333.04,0.88904]]},"raw":{}}
{"exchange":"bybit","instance_id":"A","symbol":"ETH-USD","event_ts":1762349858.399,"seq":55846961,"depth":{"last_seq":55846961,"bids":[[3332.7,0.6155],[3332.66,0.004],[3332.59,0.19923],[3332.43,0.69905],[3332.42,0.15006],[3332.41,0.012],[3332.38,0.05],[3332.32,0.62887],[3332.3,0.11535],[3332.29,0.30327],[3332.28,0.06095],[3332.26,1.58942],[3332.25,1.85433],[3332.23,0.58944],[3332.22,1.16409],[3332.21,0.56497],[3332.2,0.48943],[3332.17,1.99034],[3332.16,2.02541],[3332.15,1.98977]],"asks":[[3332.71,12.39622],[3332.73,0.03],[3332.74,0.31351],[3332.75,0.30005],[3332.76,0.30005],[3332.78,0.00223],[3332.79,0.75022],[3332.82,0.004],[3332.85,3.22566],[3332.86,0.9442],[3332.87,0.03777],[3332.89,0.36],[3332.94,0.008],[3332.95,4.50052],[3332.96,0.693],[3332.97,4.50049],[3332.99,0.6484],[3333.02,0.5509],[3333.03,0.03777],[3333.04,0.88904]]},"raw":{}}
{"exchange":"bybit","instance_id":"A","symbol":"ETH-USD","event_ts":1762349858.419,"seq":55846962,"depth":{"last_seq":55846962,"bids":[[3332.7,0.6162],[3332.66,0.004],[3332.59,0.19923],[3332.43,0.69905],[3332.42,0.15006],[3332.41,0.012],[3332.38,0.05],[3332.32,0.62887],[3332.3,0.11535],[3332.29,0.30327],[3332.28,0.06095],[3332.26,1.58942],[3332.25,1.85433],[3332.23,0.58944],[3332.22,1.16409],[3332.21,0.56497],[3332.2,0.48943],[3332.17,1.99034],[3332.16,2.02541],[3332.15,1.98977]],"asks":[[3332.71,12.39622],[3332.73,0.03],[3332.74,0.31351],[3332.75,0.30005],[3332.76,0.30005],[3332.78,0.00223],[3332.79,0.75022],[3332.82,0.004],[3332.85,3.22566],[3332.86,0.9442],[3332.87,0.03777],[3332.89,0.36],[3332.94,0.008],[3332.95,4.50052],[3332.96,0.693],[3332.97,4.50049],[3332.99,0.6484],[3333.02,0.5509],[3333.03,0.03777],[3333.04,0.88904]]},"raw":{}}
