{"exchange":"okx","instance_id":"B","symbol":"ETH-USD","event_ts":1762205084.706,"seq":0,"depth":{"last_seq":0,"bids":[[3587.92,5.239768],[3587.78,0.448028],[3587.77,0.1],[3587.63,0.482963],[3587.62,1.617968]],"asks":[[3587.93,0.002225],[3588.18,0.537473],[3588.19,1.520665],[3588.29,0.00015],[3588.32,0.007446]]},"raw":{}}
{"exchange":"okx","instance_id":"B","symbol":"ETH-USD","event_ts":1762205084.806,"seq":0,"depth":{"last_seq":0,"bids":[[3587.92,2.927768],[3587.78,0.448028],[3587.77,0.1],[3587.63,0.482963],[3587.62,1.617968],[3587.57,0.019329],[3587.56,0.00015]],"asks":[[3587.93,3.380892],[3587.94,0.45395],[3587.95,1.520771],[3588.18,0.08351],[3588.19,1.520665],[3588.28,0.40302],[3588.29,0.00015],[3588.32,0.007446]]},"raw":{}}
{"exchange":"okx","instance_id":"B","symbol":"ETH-USD","event_ts":1762205084.906,"seq":0,"depth":{"last_seq":0,"bids":[[3587.92,2.927768],[3587.78,0.448028],[3587.77,0.1],[3587.63,0.482963],[3587.62,1.617968],[3587.57,0.019329],[3587.56,0.00015]],"asks":[[3587.93,3.380892],[3587.94,0.45395],[3587.95,1.520771],[3588.18,0.055747],[3588.19,1.520665],[3588.28,0.40302],[3588.29,1.798725],[3588.32,0.007446]]},"raw":{}}
{"exchange":"okx","instance_id":"B","symbol":"ETH-USD","event_ts":1762205085.206,"seq":0,"depth":{"last_seq":0,"bids":[[3587.92,5.443768],[3587.78,0.448028],[3587.77,0.1],[3587.63,0.482963],[3587.62,1.617968],[3587.57,0.019329],[3587.56,0.00015],[3587.54,0.1]],"asks":[[3587.93,0.002225],[3587.94,0.45395],[3587.95,1.520771],[3588.18,0.055747],[3588.19,1.520665],[3588.28,0.40302],[3588.29,0.00015],[3588.32,0.007446]]},"raw":{}}
{"exchange":"okx","instance_id":"B","symbol":"ETH-USD","event_ts":1762205085.306,"seq":0,"depth":{"last_seq":0,"bids":[[3587.92,5.443768],[3587.81,0.1],[3587.78,0.448028],[3587.77,0.1],[3587.63,0.482963],[3587.62,1.617968],[3587.57,0.019329],[3587.56,0.00015],[3587.54,0.1]],"asks":[[3587.93,1.325225],[3587.94,0.45395],[3587.95,1.520771],[3588.18,0.055747],[3588.19,1.520665],[3588.28,0.40302],[3588.29,0.089348],[3588.32,0.007446],[3588.39,0.012235]]},"raw":{}}
{"exchange":"okx","instance_id":"B","symbol":"ETH-USD","event_ts":1762205085.406,"seq":0,"depth":{"last_seq":0,"bids":[[3587.92,4.093768],[3587.81,0.1],[3587.78,0.448028],[3587.77,0.1],[3587.63,0.482963],[3587.62,1.617968],[3587.57,0.019329],[3587.56,0.00015],[3587.54,0.1],[3587.48,1.618032]],"asks":[[3587.93,1.325225],[3587.94,0.45395],[3587.95,1.520771],[3588.18,0.055747],[3588.19,1.520665],[3588.28,0.40302],[3588.29,0.089348],[3588.32,0.007446],[3588.39,0.012235]]},"raw":{}}
{"exchange":"okx","instance_id":"B","symbol":"ETH-USD","event_ts":1762205085.606,"seq":0,"depth":{"last_seq":0,"bids":[[3587.92,4.093768],[3587.81,0.1],[3587.78,0.448028],[3587.77,0.1],[3587.63,0.482963],[3587.62,1.617968],[3587.57,0.019329],[3587.56,0.00015],[3587.54,0.1],[3587.48,1.618032],[3587.47,0.000682]],"asks":[[3587.93,2.722225],[3587.94,0.45395],[3587.95,1.520771],[3588.18,0.055747],[3588.19,1.520665],[3588.28,0.429645],[3588.29,1.439348],[3588.32,0.007446],[3588.39,0.012235]]},"raw":{}}
{"exchange":"okx","instance_id":"B","symbol":"ETH-USD","event_ts":1762205085.706,"seq":0,"depth":{"last_seq":0,"bids":[[3587.92,4.093768],[3587.81,0.1],[3587.78,0.448028],[3587.77,0.1],[3587.63,0.482963],[3587.62,1.617968],[3587.57,0.019329],[3587.56,0.00015],[3587.54,0.1],[3587.48,1.618032],[3587.47,0.000682]],"asks":[[3587.93,2.722225],[3587.94,0.45395],[3587.95,1.520771],[3588.18,0.055747],[3588.19,0.462663],[3588.27,0.027763],[3588.28,0.429645],[3588.29,1.439348],[3588.32,0.007446],[3588.39,0.012235]]},"raw":{}}
{"exchange":"okx","instance_id":"B","symbol":"ETH-USD","event_ts":1762205085.806,"seq":0,"depth":{"last_seq":0,"bids":[[3587.92,4.093768],[3587.81,0.1],[3587.78,0.448028],[3587.77,0.1],[3587.63,0.482963],[3587.62,1.617968],[3587.57,0.019329],[3587.56,0.00015],[3587.54,0.1],[3587.48,1.618032],[3587.47,0.000682]],"asks":[[3587.93,2.722225],[3587.94,0.45395],[3587.95,1.520771],[3588.18,0.027763],[3588.19,0.462663],[3588.27,0.027763],[3588.28,0.429645],[3588.29,1.439348],[3588.32,0.007446],[3588.39,0.012235]]},"raw":{}}
{"exchange":"okx","instance_id":"B","symbol":"ETH-USD","event_ts":1762205086.206,"seq":0,"depth":{"last_seq":0,"bids":[[3587.92,4.093768],[3587.81,0.1],[3587.78,0.448028],[3587.77,0.274926],[3587.63,0.482963],[3587.62,1.617968],[3587.57,0.019329],[3587.56,0.00015],[3587.54,0.1],[3587.48,1.618032],[3587.47,0.000682]],"asks":[[3587.93,2.722225],[3587.94,0.45395],[3587.95,1.520771],[3588.18,0.027763],[3588.19,0.462663],[3588.27,0.027763],[3588.28,0.429645],[3588.29,1.439348],[3588.32,0.007446],[3588.39,0.012235]]},"raw":{}}
{"exchange":"okx","instance_id":"B","symbol":"ETH-USD","event_ts":1762205086.306,"seq":0,"depth":{"last_seq":0,"bids":[[3587.92,4.093768],[3587.81,0.1],[3587.78,0.448028],[3587.77,0.274926],[3587.63,0.482963],[3587.62,1.617968],[3587.57,0.019329],[3587.56,0.00015],[3587.54,0.1],[3587.48,1.618032],[3587.47,0.000682]],"asks":[[3587.93,2.722225],[3587.94,0.45395],[3587.95,1.520771],[3588.18,0.027763],[3588.19,0.462663],[3588.27,0.027763],[3588.28,0.429645],[3588.29,0.089348],[3588.32,0.007446],[3588.39,0.012235]]},"raw":{}}
{"exchange":"okx","instance_id":"B","symbol":"ETH-USD","event_ts":1762205086.506,"seq":0,"depth":{"last_seq":0,"bids":[[3587.92,4.093768],[3587.81,0.1],[3587.78,0.448028],[3587.77,0.274926],[3587.63,0.482963],[3587.62,1.617968],[3587.57,0.019329],[3587.56,0.00015],[3587.54,0.1],[3587.48,1.618032],[3587.47,0.000682]],"asks":[[3587.93,1.556225],[3587.94,0.45395],[3587.95,1.520771],[3588.18,0.027763],[3588.19,0.462663],[3588.27,0.027763],[3588.28,0.429645],[3588.29,0.089348],[3588.32,0.007446],[3588.39,0.012235]]},"raw":{}}
{"exchange":"okx","instance_id":"B","symbol":"ETH-USD","event_ts":1762205086.606,"seq":0,"depth":{"last_seq":0,"bids":[[3587.92,4.093768],[3587.81,0.1],[3587.78,0.448028],[3587.77,0.274926],[3587.63,0.482963],[3587.62,1.617968],[3587.57,0.016729],[3587.56,0.00015],[3587.54,0.1],[3587.48,1.618032],[3587.47,0.000682],[3587.43,0.000682],[3587.42,1.35],[3587.41,0.0026]],"asks":[[3587.78,0.7005],[3587.79,3.274053],[3587.93,0.139381],[3587.94,0.45395],[3587.95,1.520771],[3588.03,1.393815],[3588.18,0.027763],[3588.19,0.462663],[3588.27,0.027763],[3588.28,0.429645],[3588.29,0.089348],[3588.32,0.007446],[3588.39,0.012235]]},"raw":{}}
{"exchange":"okx","instance_id":"B","symbol":"ETH-USD","event_ts":1762205086.706,"seq":0,"depth":{"last_seq":0,"bids":[[3587.92,4.093768],[3587.81,0.1],[3587.78,0.448028],[3587.77,0.274926],[3587.63,0.482963],[3587.62,1.617968],[3587.57,0.016729],[3587.56,0.00015],[3587.54,0.1],[3587.49,0.461611],[3587.48,1.618032],[3587.47,0.000682],[3587.43,0.028565],[3587.42,1.35],[3587.41,0.0026]],"asks":[[3587.78,7.588493],[3587.79,1.313023],[3587.93,0.139381],[3587.94,0.45395],[3587.95,1.520771],[3588.03,1.393815],[3588.18,0.027763],[3588.19,0.462663],[3588.27,0.027763],[3588.28,0.429645],[3588.29,0.089348],[3588.32,0.007446],[3588.39,0.012235]]},"raw":{}}
{"exchange":"okx","instance_id":"B","symbol":"ETH-USD","event_ts":1762205086.806,"seq":0,"depth":{"last_seq":0,"bids":[[3587.92,4.093768],[3587.81,0.1],[3587.78,0.448028],[3587.77,1.697613],[3587.63,0.482963],[3587.62,1.617968],[3587.57,0.016729],[3587.56,0.00015],[3587.54,0.1],[3587.49,0.461611],[3587.48,1.618032],[3587.47,0.000682],[3587.43,0.000682],[3587.42,1.35],[3587.41,0.0026]],"asks":[[3587.78,6.614608],[3587.79,1.313023],[3587.93,0.139381],[3587.94,0.45395],[3587.95,1.520771],[3588.03,1.393815],[3588.18,0.027763],[3588.19,0.462663],[3588.27,0.027763],[3588.28,0.429645],[3588.29,0.089348],[3588.32,0.007446],[3588.39,0.012235]]},"raw":{}}
{"exchange":"okx","instance_id":"B","symbol":"ETH-USD","event_ts":1762205086.906,"seq":0,"depth":{"last_seq":0,"bids":[[3587.92,4.093768],[3587.81,0.1],[3587.78,0.448028],[3587.77,0.864349],[3587.63,0.482963],[3587.62,1.617968],[3587.57,0.016729],[3587.56,0.00015],[3587.54,0.1],[3587.49,0.461611],[3587.48,1.618032],[3587.47,0.000682],[3587.43,0.000682],[3587.42,1.35],[3587.41,0.0026]],"asks":[[3587.78,6.614608],[3587.79,1.313023],[3587.93,0.139381],[3587.94,0.45395],[3587.95,1.520771],[3588.03,1.393815],[3588.18,0.027763],[3588.19,0.462663],[3588.27,0.027763],[3588.28,0.429645],[3588.29,0.089348],[3588.32,0.007446],[3588.39,0.012235]]},"raw":{}}
{"exchange":"okx","instance_id":"B","symbol":"ETH-USD","event_ts":1762205087.006,"seq":0,"depth":{"last_seq":0,"bids":[[3587.92,4.093768],[3587.81,0.1],[3587.78,0.448028],[3587.77,0.864349],[3587.63,0.482963],[3587.62,1.617968],[3587.57,0.016729],[3587.56,0.00015],[3587.54,0.1],[3587.49,0.461611],[3587.48,1.618032],[3587.47,0.000682],[3587.43,0.000682],[3587.42,1.35],[3587.41,0.0026]],"asks":[[3587.78,6.614608],[3587.79,1.313023],[3587.92,0.25],[3587.93,0.139381],[3587.94,0.45395],[3587.95,1.520771],[3588.03,1.393815],[3588.18,0.027763],[3588.19,0.462663],[3588.27,0.027763],[3588.28,0.429645],[3588.29,0.089348],[3588.32,0.007446],[3588.39,0.012235]]},"raw":{}}
{"exchange":"okx","instance_id":"B","symbol":"ETH-USD","event_ts":1762205087.106,"seq":0,"depth":{"last_seq":0,"bids":[[3587.92,4.093768],[3587.81,0.1],[3587.78,0.448028],[3587.77,2.322275],[3587.63,0.482963],[3587.62,1.617968],[3587.57,0.016729],[3587.56,0.00015],[3587.54,0.1],[3587.49,0.461611],[3587.48,1.618032],[3587.47,0.000682],[3587.43,0.000682],[3587.42,1.35],[3587.41,0.0026]],"asks":[[3587.78,6.614608],[3587.79,1.313023],[3587.92,0.25],[3587.93,0.139381],[3587.94,0.45395],[3587.95,1.520771],[3588.03,1.393815],[3588.18,0.027763],[3588.19,0.462663],[3588.27,0.027763],[3588.28,0.429645],[3588.29,0.089348],[3588.32,0.007446],[3588.39,0.012235]]},"raw":{}}
{"exchange":"okx","instance_id":"B","symbol":"ETH-USD","event_ts":1762205087.206,"seq":0,"depth":{"last_seq":0,"bids":[[3587.92,4.093768],[3587.81,0.1],[3587.78,9.547458],[3587.77,0.809],[3587.63,0.482963],[3587.62,1.617968],[3587.57,0.016729],[3587.56,0.00015],[3587.54,0.1],[3587.49,0.461611],[3587.48,1.618032],[3587.47,0.000682],[3587.43,0.000682],[3587.42,1.35],[3587.41,0.0026]],"asks":[[3587.78,6.614608],[3587.79,2.594386],[3587.92,0.25],[3587.93,0.139381],[3587.94,0.45395],[3587.95,1.520771],[3588.03,1.393815],[3588.18,0.729884],[3588.19,0.462663],[3588.27,0.027763],[3588.28,0.429645],[3588.29,0.089348],[3588.32,0.007446],[3588.39,0.012235]]},"raw":{}}
{"exchange":"okx","instance_id":"B","symbol":"ETH-USD","event_ts":1762205087.306,"seq":0,"depth":{"last_seq":0,"bids":[[3587.92,4.093768],[3587.81,0.1],[3587.78,9.700458],[3587.77,0.809],[3587.63,0.482963],[3587.62,1.617968],[3587.57,0.016729],[3587.56,0.00015],[3587.54,0.1],[3587.5,0.967924],[3587.49,0.461611],[3587.48,1.618032],[3587.47,0.000682],[3587.43,0.000682],[3587.42,1.35],[3587.41,0.0026]],"asks":[[3587.78,6.614608],[3587.79,0.115363],[3587.92,0.055747],[3587.93,0.139381],[3587.94,0.45395],[3587.95,1.520771],[3588.03,1.393815],[3588.17,0.139369],[3588.18,0.729884],[3588.19,0.462663],[3588.23,1.670841],[3588.27,0.027763],[3588.28,0.429645],[3588.29,0.089348],[3588.32,0.007446],[3588.39,0.012235]]},"raw":{}}
{"exchange":"okx","instance_id":"B","symbol":"ETH-USD","event_ts":1762205087.406,"seq":0,"depth":{"last_seq":0,"bids":[[3587.92,4.093768],[3587.81,0.1],[3587.78,8.56494],[3587.77,0.809],[3587.63,0.482963],[3587.62,1.617968],[3587.57,0.016729],[3587.56,0.00015],[3587.54,0.1],[3587.5,0.967924],[3587.49,0.461611],[3587.48,1.618032],[3587.47,0.000682],[3587.43,0.000682],[3587.42,1.35],[3587.41,0.0026]],"asks":[[3587.78,6.614608],[3587.79,0.002224],[3587.92,0.055747],[3587.93,0.139381],[3587.94,0.45395],[3587.95,1.520771],[3588.03,1.393815],[3588.16,0.0892],[3588.17,0.139369],[3588.18,0.729884],[3588.19,0.462663],[3588.23,1.670841],[3588.27,0.027763],[3588.28,0.429645],[3588.29,0.00015],[3588.3,0.702026],[3588.31,0.25],[3588.32,0.007446],[3588.39,0.012235]]},"raw":{}}
{"exchange":"okx","instance_id":"B","symbol":"ETH-USD","event_ts":1762205087.506,"seq":0,"depth":{"last_seq":0,"bids":[[3587.92,4.093768],[3587.81,0.1],[3587.78,8.267478],[3587.77,0.809],[3587.63,0.482963],[3587.62,1.617968],[3587.57,0.207729],[3587.56,0.00015],[3587.54,0.1],[3587.51,2.675669],[3587.5,1.0],[3587.49,0.461611],[3587.48,1.618032],[3587.47,0.000682],[3587.43,0.000682],[3587.42,1.35],[3587.41,0.0026]],"asks":[[3587.78,6.614608],[3587.79,1.761224],[3587.92,1.312978],[3587.93,0.139381],[3587.94,0.45395],[3587.95,1.520771],[3588.03,1.393815],[3588.15,0.055747],[3588.16,0.0892],[3588.17,0.139369],[3588.18,0.729884],[3588.19,0.462663],[3588.22,0.457357],[3588.23,1.670841],[3588.27,0.027763],[3588.28,0.429645],[3588.29,0.033601],[3588.3,0.702026],[3588.31,0.25],[3588.32,0.007446]]},"raw":{}}
{"exchange":"okx","instance_id":"B","symbol":"ETH-USD","event_ts":1762205087.606,"seq":0,"depth":{"last_seq":0,"bids":[[3587.92,4.093768],[3587.81,0.1],[3587.78,8.267478],[3587.77,0.809],[3587.63,0.482963],[3587.62,1.617968],[3587.57,0.207729],[3587.56,0.00015],[3587.54,0.1],[3587.52,2.031981],[3587.51,1.0],[3587.5,1.0],[3587.49,0.461611],[3587.48,1.618032],[3587.47,0.000682],[3587.43,0.000682],[3587.42,1.35],[3587.41,0.0026]],"asks":[[3587.78,6.614608],[3587.79,0.002224],[3587.92,1.312978],[3587.93,0.139381],[3587.94,0.45395],[3587.95,1.520771],[3588.03,1.393815],[3588.15,0.055747],[3588.16,0.0892],[3588.17,0.139369],[3588.18,0.729884],[3588.19,0.462663],[3588.22,0.457357],[3588.23,1.670841],[3588.27,0.027763],[3588.28,0.429645],[3588.29,0.033451],[3588.3,0.702026],[3588.31,0.25],[3588.32,0.007446]]},"raw":{}}
{"exchange":"okx","instance_id":"B","symbol":"ETH-USD","event_ts":1762205087.706,"seq":0,"depth":{"last_seq":0,"bids":[[3587.92,4.093768],[3587.81,0.1],[3587.78,8.267478],[3587.77,0.809],[3587.63,0.482963],[3587.62,1.617968],[3587.57,0.207729],[3587.56,0.00015],[3587.54,0.1],[3587.52,2.031981],[3587.51,1.0],[3587.5,1.0],[3587.49,0.461611],[3587.48,1.618032],[3587.47,0.000682],[3587.43,0.000682],[3587.42,1.35],[3587.41,0.0026]],"asks":[[3587.78,6.614608],[3587.79,0.002224],[3587.92,1.312978],[3587.93,0.139381],[3587.94,0.45395],[3587.95,1.520771],[3588.03,1.393815],[3588.15,0.055747],[3588.16,0.0892],[3588.17,0.139369],[3588.18,0.729884],[3588.19,0.462663],[3588.22,0.457357],[3588.23,1.670841],[3588.27,0.027763],[3588.28,0.429645],[3588.29,0.089348],[3588.3,0.702026],[3588.31,0.25],[3588.32,0.007446]]},"raw":{}}
{"exchange":"okx","instance_id":"B","symbol":"ETH-USD","event_ts":1762205087.906,"seq":0,"depth":{"last_seq":0,"bids":[[3588.43,8.951533],[3588.39,1.106565],[3588.38,1.35],[3588.31,1.408763],[3588.3,0.948324],[3587.92,4.093768],[3587.81,0.1],[3587.78,8.267478],[3587.77,0.809],[3587.63,0.482963],[3587.62,1.617968],[3587.57,0.207729],[3587.56,0.00015],[3587.54,0.1],[3587.52,2.031981],[3587.51,1.0],[3587.5,1.0],[3587.49,0.461611],[3587.48,1.618032],[3587.47,0.000682]],"asks":[[3587.78,6.614608],[3587.79,0.002224],[3587.92,1.312978],[3587.93,0.139381],[3587.94,0.45395],[3587.95,1.520771],[3588.03,1.393815],[3588.15,0.055747],[3588.16,0.0892],[3588.17,0.139369],[3588.18,0.729884],[3588.19,0.462663],[3588.22,0.457357],[3588.23,1.670841],[3588.27,0.027763],[3588.28,0.429645],[3588.29,0.089348],[3588.3,0.702026],[3588.31,0.25],[3588.32,0.007446]]},"raw":{}}
{"exchange":"okx","instance_id":"B","symbol":"ETH-USD","event_ts":1762205088.006,"seq":0,"depth":{"last_seq":0,"bids":[[3588.64,13.917683],[3588.61,5.41294],[3588.55,0.139315],[3588.47,0.809],[3588.45,1.263541],[3588.43,8.951533],[3588.39,1.106565],[3588.38,1.35],[3588.31,1.408763],[3588.3,0.948324],[3587.92,4.093768],[3587.81,0.1],[3587.78,8.267478],[3587.77,0.809],[3587.63,0.482963],[3587.62,1.617968],[3587.57,0.207729],[3587.56,0.00015],[3587.54,0.1],[3587.52,2.031981]],"asks":[[3587.78,6.614608],[3587.79,0.002224],[3587.92,1.312978],[3587.93,0.139381],[3587.94,0.45395],[3587.95,1.520771],[3588.03,1.393815],[3588.15,0.055747],[3588.16,0.0892],[3588.17,0.139369],[3588.18,0.729884],[3588.19,0.462663],[3588.22,0.457357],[3588.23,1.670841],[3588.27,0.027763],[3588.28,0.429645],[3588.29,0.089348],[3588.3,0.702026],[3588.31,0.25],[3588.32,0.007446]]},"raw":{}}
{"exchange":"okx","instance_id":"B","symbol":"ETH-USD","event_ts":1762205088.106,"seq":0,"depth":{"last_seq":0,"bids":[[3589.55,1.467038],[3589.21,0.139286],[3589.2,1.485539],[3589.15,1.964402],[3589.14,2.33967],[3588.64,13.917683],[3588.61,5.41294],[3588.55,0.139315],[3588.47,0.809],[3588.45,1.263541],[3588.43,8.951533],[3588.39,1.106565],[3588.38,1.35],[3588.31,1.408763],[3588.3,0.948324],[3587.92,4.093768],[3587.81,0.1],[3587.78,8.267478],[3587.77,0.809],[3587.63,0.482963]],"asks":[[3587.78,6.614608],[3587.79,0.002224],[3587.92,1.312978],[3587.93,0.139381],[3587.94,0.45395],[3587.95,1.520771],[3588.03,1.393815],[3588.15,0.055747],[3588.16,0.0892],[3588.17,0.139369],[3588.18,0.729884],[3588.19,0.462663],[3588.22,0.457357],[3588.23,1.670841],[3588.27,0.027763],[3588.28,0.429645],[3588.29,0.089348],[3588.3,0.702026],[3588.31,0.25],[3588.32,0.007446]]},"raw":{}}
{"exchange":"okx","instance_id":"B","symbol":"ETH-USD","event_ts":1762205088.206,"seq":0,"depth":{"last_seq":0,"bids":[[3589.55,1.053438],[3589.22,0.016721],[3589.21,0.139286],[3589.2,1.030973],[3589.15,1.964402],[3589.14,0.98967],[3588.64,13.917683],[3588.61,5.41294],[3588.55,0.139315],[3588.47,0.809],[3588.45,1.263541],[3588.43,8.951533],[3588.39,1.106565],[3588.38,1.35],[3588.31,1.408763],[3588.3,0.948324],[3587.92,4.093768],[3587.81,0.1],[3587.78,8.267478],[3587.77,0.809]],"asks":[[3587.78,6.614608],[3587.79,0.002224],[3587.92,1.312978],[3587.93,0.139381],[3587.94,0.45395],[3587.95,1.520771],[3588.03,1.393815],[3588.15,0.055747],[3588.16,0.0892],[3588.17,0.139369],[3588.18,0.729884],[3588.19,0.462663],[3588.22,0.457357],[3588.23,1.670841],[3588.27,0.027763],[3588.28,0.429645],[3588.29,0.089348],[3588.3,0.702026],[3588.31,0.25],[3588.32,0.007446]]},"raw":{}}
{"exchange":"okx","instance_id":"B","symbol":"ETH-USD","event_ts":1762205088.306,"seq":0,"depth":{"last_seq":0,"bids":[[3589.55,2.355158],[3589.39,0.467763],[3589.22,0.016721],[3589.21,0.139286],[3589.2,1.030973],[3589.15,1.964402],[3589.14,0.98967],[3588.64,13.917683],[3588.61,5.41294],[3588.55,0.139315],[3588.47,0.809],[3588.45,1.263541],[3588.43,8.951533],[3588.39,1.106565],[3588.38,1.35],[3588.31,1.408763],[3588.3,0.948324],[3587.92,4.093768],[3587.81,0.1],[3587.78,8.267478]],"asks":[[3587.78,6.614608],[3587.79,0.002224],[3587.92,1.312978],[3587.93,0.139381],[3587.94,0.45395],[3587.95,1.520771],[3588.03,1.393815],[3588.15,0.055747],[3588.16,0.0892],[3588.17,0.139369],[3588.18,0.729884],[3588.19,0.462663],[3588.22,0.457357],[3588.23,1.670841],[3588.27,0.027763],[3588.28,0.429645],[3588.29,0.089348],[3588.3,0.702026],[3588.31,0.25],[3588.32,0.007446]]},"raw":{}}
{"exchange":"okx","instance_id":"B","symbol":"ETH-USD","event_ts":1762205088.406,"seq":0,"depth":{"last_seq":0,"bids":[[3589.55,2.154809],[3589.39,0.467763],[3589.22,0.016721],[3589.21,0.139286],[3589.2,1.428757],[3589.15,1.964402],[3589.14,0.98967],[3588.64,13.917683],[3588.61,5.41294],[3588.55,0.139315],[3588.47,0.809],[3588.45,1.263541],[3588.43,8.951533],[3588.39,1.106565],[3588.38,1.35],[3588.31,1.408763],[3588.3,0.948324],[3587.92,4.093768],[3587.81,0.1],[3587.78,8.267478]],"asks":[[3587.78,6.614608],[3587.79,0.002224],[3587.92,1.312978],[3587.93,0.139381],[3587.94,0.45395],[3587.95,1.520771],[3588.03,1.393815],[3588.15,0.055747],[3588.16,0.0892],[3588.17,0.139369],[3588.18,0.729884],[3588.19,0.462663],[3588.22,0.457357],[3588.23,1.670841],[3588.27,0.027763],[3588.28,0.429645],[3588.29,0.089348],[3588.3,0.702026],[3588.31,0.25],[3588.32,0.007446]]},"raw":{}}
{"exchange":"okx","instance_id":"B","symbol":"ETH-USD","event_ts":1762205088.506,"seq":0,"depth":{"last_seq":0,"bids":[[3589.55,2.435252],[3589.39,0.467763],[3589.25,1.670841],[3589.22,0.672305],[3589.21,0.556476],[3589.2,1.428757],[3589.15,1.964402],[3589.14,0.98967],[3588.64,13.917683],[3588.61,5.41294],[3588.55,0.139315],[3588.47,0.809],[3588.45,1.263541],[3588.43,8.951533],[3588.39,1.106565],[3588.38,1.35],[3588.31,1.408763],[3588.3,0.948324],[3587.92,4.093768],[3587.81,0.1]],"asks":[[3587.78,6.614608],[3587.79,0.002224],[3587.92,1.312978],[3587.93,0.139381],[3587.94,0.45395],[3587.95,1.520771],[3588.03,1.393815],[3588.15,0.055747],[3588.16,0.0892],[3588.17,0.139369],[3588.18,0.729884],[3588.19,0.462663],[3588.22,0.457357],[3588.23,1.670841],[3588.27,0.027763],[3588.28,0.429645],[3588.29,0.089348],[3588.3,0.702026],[3588.31,0.25],[3588.32,0.007446]]},"raw":{}}
{"exchange":"okx","instance_id":"B","symbol":"ETH-USD","event_ts":1762205088.606,"seq":0,"depth":{"last_seq":0,"bids":[[3589.55,2.435252],[3589.39,0.467763],[3589.26,0.865537],[3589.25,1.670841],[3589.22,0.016721],[3589.21,0.139286],[3589.2,1.428757],[3589.15,1.964402],[3589.14,0.98967],[3588.64,13.917683],[3588.61,5.41294],[3588.55,0.139315],[3588.47,0.809],[3588.45,1.263541],[3588.43,8.951533],[3588.39,1.106565],[3588.38,1.35],[3588.31,1.408763],[3588.3,0.948324],[3587.92,4.093768]],"asks":[[3587.78,6.614608],[3587.79,0.002224],[3587.92,1.312978],[3587.93,0.139381],[3587.94,0.45395],[3587.95,1.520771],[3588.03,1.393815],[3588.15,0.055747],[3588.16,0.0892],[3588.17,0.139369],[3588.18,0.729884],[3588.19,0.462663],[3588.22,0.457357],[3588.23,1.670841],[3588.27,0.027763],[3588.28,0.429645],[3588.29,0.089348],[3588.3,0.702026],[3588.31,0.25],[3588.32,0.007446]]},"raw":{}}
{"exchange":"okx","instance_id":"B","symbol":"ETH-USD","event_ts":1762205088.906,"seq":0,"depth":{"last_seq":0,"bids":[[3589.55,2.001809],[3589.39,0.467763],[3589.26,0.865537],[3589.25,1.670841],[3589.22,0.016721],[3589.21,0.139286],[3589.2,2.795647],[3589.15,1.964402],[3589.14,0.98967],[3588.64,13.917683],[3588.61,5.41294],[3588.55,0.139315],[3588.47,0.809],[3588.45,1.263541],[3588.43,8.951533],[3588.39,1.106565],[3588.38,1.35],[3588.31,1.408763],[3588.3,0.948324],[3587.92,4.093768]],"asks":[[3587.78,6.614608],[3587.79,0.002224],[3587.92,1.312978],[3587.93,0.139381],[3587.94,0.45395],[3587.95,1.520771],[3588.03,1.393815],[3588.15,0.055747],[3588.16,0.0892],[3588.17,0.139369],[3588.18,0.729884],[3588.19,0.462663],[3588.22,0.457357],[3588.23,1.670841],[3588.27,0.027763],[3588.28,0.429645],[3588.29,0.089348],[3588.3,0.702026],[3588.31,0.25],[3588.32,0.007446]]},"raw":{}}
{"exchange":"okx","instance_id":"B","symbol":"ETH-USD","event_ts":1762205089.006,"seq":0,"depth":{"last_seq":0,"bids":[[3589.55,1.388469],[3589.39,0.467763],[3589.26,0.865537],[3589.25,1.670841],[3589.22,0.016721],[3589.21,0.139286],[3589.2,2.795647],[3589.15,1.964402],[3589.14,0.98967],[3588.64,13.917683],[3588.61,5.41294],[3588.55,0.139315],[3588.47,0.809],[3588.45,1.263541],[3588.43,8.951533],[3588.39,1.106565],[3588.38,1.35],[3588.31,1.408763],[3588.3,0.948324],[3587.92,4.093768]],"asks":[[3587.78,6.614608],[3587.79,0.002224],[3587.92,1.312978],[3587.93,0.139381],[3587.94,0.45395],[3587.95,1.520771],[3588.03,1.393815],[3588.15,0.055747],[3588.16,0.0892],[3588.17,0.139369],[3588.18,0.729884],[3588.19,0.462663],[3588.22,0.457357],[3588.23,1.670841],[3588.27,0.027763],[3588.28,0.429645],[3588.29,0.089348],[3588.3,0.702026],[3588.31,0.25],[3588.32,0.007446]]},"raw":{}}
{"exchange":"okx","instance_id":"B","symbol":"ETH-USD","event_ts":1762205089.106,"seq":0,"depth":{"last_seq":0,"bids":[[3589.55,0.365172],[3589.39,0.454496],[3589.26,0.865537],[3589.25,1.670841],[3589.22,0.016721],[3589.21,0.139286],[3589.2,2.795647],[3589.15,1.964402],[3589.14,0.98967],[3588.64,13.917683],[3588.61,5.41294],[3588.55,0.139315],[3588.47,0.809],[3588.45,1.263541],[3588.43,8.951533],[3588.39,1.106565],[3588.38,1.35],[3588.31,1.408763],[3588.3,0.948324],[3587.92,4.093768]],"asks":[[3587.78,6.614608],[3587.79,0.002224],[3587.92,1.312978],[3587.93,0.139381],[3587.94,0.45395],[3587.95,1.520771],[3588.03,1.393815],[3588.15,0.055747],[3588.16,0.0892],[3588.17,0.139369],[3588.18,0.729884],[3588.19,0.462663],[3588.22,0.457357],[3588.23,1.670841],[3588.27,0.027763],[3588.28,0.429645],[3588.29,0.089348],[3588.3,0.702026],[3588.31,0.25],[3588.32,0.007446]]},"raw":{}}
{"exchange":"okx","instance_id":"B","symbol":"ETH-USD","event_ts":1762205089.206,"seq":0,"depth":{"last_seq":0,"bids":[[3589.55,0.365172],[3589.39,0.454496],[3589.26,0.865537],[3589.25,1.670841],[3589.22,0.016721],[3589.21,0.139286],[3589.2,2.795647],[3589.15,0.016721],[3589.14,0.98967],[3589.05,0.0024],[3589.04,0.66],[3588.64,13.917683],[3588.61,5.41294],[3588.55,0.139315],[3588.47,0.809],[3588.45,1.263541],[3588.43,8.951533],[3588.39,1.106565],[3588.38,1.35],[3588.31,1.408763]],"asks":[[3587.78,6.614608],[3587.79,0.002224],[3587.92,1.312978],[3587.93,0.139381],[3587.94,0.45395],[3587.95,1.520771],[3588.03,1.393815],[3588.15,0.055747],[3588.16,0.0892],[3588.17,0.139369],[3588.18,0.729884],[3588.19,0.462663],[3588.22,0.457357],[3588.23,1.670841],[3588.27,0.027763],[3588.28,0.429645],[3588.29,0.089348],[3588.3,0.702026],[3588.31,0.25],[3588.32,0.007446]]},"raw":{}}
{"exchange":"okx","instance_id":"B","symbol":"ETH-USD","event_ts":1762205089.306,"seq":0,"depth":{"last_seq":0,"bids":[[3589.55,0.265172],[3589.54,0.105257],[3589.39,0.454496],[3589.26,0.865537],[3589.25,1.670841],[3589.22,0.016721],[3589.21,0.139286],[3589.2,2.795647],[3589.15,0.016721],[3589.14,0.98967],[3589.05,0.019122],[3589.04,0.66],[3588.64,13.917683],[3588.61,5.41294],[3588.55,0.139315],[3588.47,0.809],[3588.45,1.263541],[3588.43,8.951533],[3588.39,1.106565],[3588.38,1.35]],"asks":[[3587.78,6.614608],[3587.79,0.002224],[3587.92,1.312978],[3587.93,0.139381],[3587.94,0.45395],[3587.95,1.520771],[3588.03,1.393815],[3588.15,0.055747],[3588.16,0.0892],[3588.17,0.139369],[3588.18,0.729884],[3588.19,0.462663],[3588.22,0.457357],[3588.23,1.670841],[3588.27,0.027763],[3588.28,0.429645],[3588.29,0.089348],[3588.3,0.702026],[3588.31,0.25],[3588.32,0.007446]]},"raw":{}}
{"exchange":"okx","instance_id":"B","symbol":"ETH-USD","event_ts":1762205089.506,"seq":0,"depth":{"last_seq":0,"bids":[[3589.55,0.265172],[3589.54,0.105257],[3589.39,0.454496],[3589.26,0.865537],[3589.25,1.670841],[3589.22,0.016721],[3589.21,0.139286],[3589.2,2.795647],[3589.15,0.016721],[3589.14,0.98967],[3589.05,0.018946],[3589.04,0.66],[3588.7,0.0024],[3588.64,0.00015],[3588.61,5.41294],[3588.55,0.139315],[3588.51,0.53078],[3588.47,0.809],[3588.45,1.263541],[3588.43,8.951533]],"asks":[[3587.78,6.614608],[3587.79,0.002224],[3587.92,1.312978],[3587.93,0.139381],[3587.94,0.45395],[3587.95,1.520771],[3588.03,1.393815],[3588.15,0.055747],[3588.16,0.0892],[3588.17,0.139369],[3588.18,0.729884],[3588.19,0.462663],[3588.22,0.457357],[3588.23,1.670841],[3588.27,0.027763],[3588.28,0.429645],[3588.29,0.089348],[3588.3,0.702026],[3588.31,0.25],[3588.32,0.007446]]},"raw":{}}
{"exchange":"okx","instance_id":"B","symbol":"ETH-USD","event_ts":1762205089.606,"seq":0,"depth":{"last_seq":0,"bids":[[3589.55,0.265172],[3589.54,0.105257],[3589.39,0.454496],[3589.26,0.865537],[3589.25,1.670841],[3589.22,0.016721],[3589.21,0.139286],[3589.2,2.795647],[3589.15,0.016721],[3589.14,0.98967],[3589.05,0.018946],[3589.04,0.66],[3588.7,0.0024],[3588.65,5.071653],[3588.64,0.00015],[3588.61,5.41294],[3588.55,0.139315],[3588.52,0.016724],[3588.51,0.53078],[3588.47,0.809]],"asks":[[3587.78,6.614608],[3587.79,0.002224],[3587.92,1.312978],[3587.93,0.139381],[3587.94,0.45395],[3587.95,1.520771],[3588.03,1.393815],[3588.15,0.055747],[3588.16,0.0892],[3588.17,0.139369],[3588.18,0.729884],[3588.19,0.462663],[3588.22,0.457357],[3588.23,1.670841],[3588.27,0.027763],[3588.28,0.429645],[3588.29,0.089348],[3588.3,0.702026],[3588.31,0.25],[3588.32,0.007446]]},"raw":{}}
{"exchange":"okx","instance_id":"B","symbol":"ETH-USD","event_ts":1762205089.706,"seq":0,"depth":{"last_seq":0,"bids":[[3589.55,0.265172],[3589.54,0.105257],[3589.39,0.454496],[3589.26,0.865537],[3589.25,1.670841],[3589.22,0.016721],[3589.21,0.139286],[3589.2,2.795647],[3589.15,0.016721],[3589.14,0.98967],[3589.05,0.018946],[3589.04,0.66],[3588.99,2.220044],[3588.95,0.205],[3588.94,1.323],[3588.88,1.82578],[3588.83,4.60394],[3588.7,0.0024],[3588.65,5.071653],[3588.64,0.00015]],"asks":[[3587.78,6.614608],[3587.79,0.002224],[3587.92,1.312978],[3587.93,0.139381],[3587.94,0.45395],[3587.95,1.520771],[3588.03,1.393815],[3588.15,0.055747],[3588.16,0.0892],[3588.17,0.139369],[3588.18,0.729884],[3588.19,0.462663],[3588.22,0.457357],[3588.23,1.670841],[3588.27,0.027763],[3588.28,0.429645],[3588.29,0.089348],[3588.3,0.702026],[3588.31,0.25],[3588.32,0.007446]]},"raw":{}}
{"exchange":"okx","instance_id":"B","symbol":"ETH-USD","event_ts":1762205089.806,"seq":0,"depth":{"last_seq":0,"bids":[[3589.55,0.265172],[3589.54,0.105257],[3589.39,0.454496],[3589.26,0.865537],[3589.25,1.670841],[3589.22,0.016721],[3589.21,0.139286],[3589.2,2.795647],[3589.15,0.016721],[3589.14,0.98967],[3589.05,0.018946],[3589.04,0.66],[3588.99,1.991341],[3588.95,0.205],[3588.94,1.323],[3588.88,1.82578],[3588.83,4.60394],[3588.7,0.0024],[3588.65,1.255353],[3588.64,0.00015]],"asks":[[3587.78,6.614608],[3587.79,0.002224],[3587.92,1.312978],[3587.93,0.139381],[3587.94,0.45395],[3587.95,1.520771],[3588.03,1.393815],[3588.15,0.055747],[3588.16,0.0892],[3588.17,0.139369],[3588.18,0.729884],[3588.19,0.462663],[3588.22,0.457357],[3588.23,1.670841],[3588.27,0.027763],[3588.28,0.429645],[3588.29,0.089348],[3588.3,0.702026],[3588.31,0.25],[3588.32,0.007446]]},"raw":{}}
{"exchange":"okx","instance_id":"B","symbol":"ETH-USD","event_ts":1762205089.906,"seq":0,"depth":{"last_seq":0,"bids":[[3589.55,0.265172],[3589.54,0.105257],[3589.39,0.454496],[3589.26,0.865537],[3589.25,1.670841],[3589.22,0.016721],[3589.21,0.139286],[3589.2,2.795647],[3589.15,0.016721],[3589.14,0.98967],[3589.05,0.018946],[3589.04,0.66],[3588.99,1.991341],[3588.95,0.205],[3588.94,1.323],[3588.88,1.82578],[3588.83,4.60394],[3588.7,0.0024],[3588.66,0.027873],[3588.65,1.255353]],"asks":[[3587.78,6.614608],[3587.79,0.002224],[3587.92,1.312978],[3587.93,0.139381],[3587.94,0.45395],[3587.95,1.520771],[3588.03,1.393815],[3588.15,0.055747],[3588.16,0.0892],[3588.17,0.139369],[3588.18,0.729884],[3588.19,0.462663],[3588.22,0.457357],[3588.23,1.670841],[3588.27,0.027763],[3588.28,0.429645],[3588.29,0.089348],[3588.3,0.702026],[3588.31,0.25],[3588.32,0.007446]]},"raw":{}}
{"exchange":"okx","instance_id":"B","symbol":"ETH-USD","event_ts":1762205090.006,"seq":0,"depth":{"last_seq":0,"bids":[[3589.55,0.265172],[3589.54,0.105257],[3589.39,0.454496],[3589.26,0.865537],[3589.25,1.670841],[3589.22,0.016721],[3589.21,0.139286],[3589.2,2.795647],[3589.15,0.016721],[3589.14,0.98967],[3589.05,0.018946],[3589.04,0.66],[3588.99,3.157341],[3588.95,0.205],[3588.94,1.323],[3588.88,1.82578],[3588.83,4.60394],[3588.7,0.0024],[3588.66,0.044597],[3588.65,1.255353]],"asks":[[3587.78,6.614608],[3587.79,0.002224],[3587.92,1.312978],[3587.93,0.139381],[3587.94,0.45395],[3587.95,1.520771],[3588.03,1.393815],[3588.15,0.055747],[3588.16,0.0892],[3588.17,0.139369],[3588.18,0.729884],[3588.19,0.462663],[3588.22,0.457357],[3588.23,1.670841],[3588.27,0.027763],[3588.28,0.429645],[3588.29,0.089348],[3588.3,0.702026],[3588.31,0.25],[3588.32,0.007446]]},"raw":{}}
{"exchange":"okx","instance_id":"B","symbol":"ETH-USD","event_ts":1762205090.106,"seq":0,"depth":{"last_seq":0,"bids":[[3589.55,0.265172],[3589.54,0.105257],[3589.39,0.454496],[3589.26,0.865537],[3589.25,1.670841],[3589.22,0.016721],[3589.21,0.139286],[3589.2,2.795647],[3589.15,0.016721],[3589.14,0.98967],[3589.05,0.018946],[3589.04,0.66],[3589.01,10.736138],[3588.99,3.157341],[3588.95,0.205],[3588.94,1.323],[3588.88,1.82578],[3588.83,4.60394],[3588.7,0.0024],[3588.67,0.657065]],"asks":[[3587.78,6.614608],[3587.79,0.002224],[3587.92,1.312978],[3587.93,0.139381],[3587.94,0.45395],[3587.95,1.520771],[3588.03,1.393815],[3588.15,0.055747],[3588.16,0.0892],[3588.17,0.139369],[3588.18,0.729884],[3588.19,0.462663],[3588.22,0.457357],[3588.23,1.670841],[3588.27,0.027763],[3588.28,0.429645],[3588.29,0.089348],[3588.3,0.702026],[3588.31,0.25],[3588.32,0.007446]]},"raw":{}}
{"exchange":"okx","instance_id":"B","symbol":"ETH-USD","event_ts":1762205090.206,"seq":0,"depth":{"last_seq":0,"bids":[[3589.55,0.265172],[3589.54,0.105257],[3589.39,0.454496],[3589.26,0.865537],[3589.25,1.670841],[3589.22,0.016721],[3589.21,0.139286],[3589.2,2.795647],[3589.15,0.016721],[3589.14,0.98967],[3589.13,8.327738],[3589.05,0.018946],[3589.04,0.66],[3589.01,10.736138],[3588.99,3.157341],[3588.95,0.205],[3588.94,1.323],[3588.88,1.82578],[3588.83,4.60394],[3588.7,0.0024]],"asks":[[3587.78,6.614608],[3587.79,0.002224],[3587.92,1.312978],[3587.93,0.139381],[3587.94,0.45395],[3587.95,1.520771],[3588.03,1.393815],[3588.15,0.055747],[3588.16,0.0892],[3588.17,0.139369],[3588.18,0.729884],[3588.19,0.462663],[3588.22,0.457357],[3588.23,1.670841],[3588.27,0.027763],[3588.28,0.429645],[3588.29,0.089348],[3588.3,0.702026],[3588.31,0.25],[3588.32,0.007446]]},"raw":{}}
{"exchange":"okx","instance_id":"B","symbol":"ETH-USD","event_ts":1762205090.306,"seq":0,"depth":{"last_seq":0,"bids":[[3589.55,0.265172],[3589.54,0.105257],[3589.39,0.454496],[3589.36,3.508101],[3589.26,0.865537],[3589.25,1.670841],[3589.22,0.016721],[3589.21,0.139286],[3589.2,2.795647],[3589.15,0.016721],[3589.14,0.98967],[3589.13,8.327738],[3589.05,0.018946],[3589.04,0.66],[3589.01,0.754302],[3589.0,0.716835],[3588.99,3.157341],[3588.95,0.205],[3588.94,1.323],[3588.93,0.139299]],"asks":[[3587.78,6.614608],[3587.79,0.002224],[3587.92,1.312978],[3587.93,0.139381],[3587.94,0.45395],[3587.95,1.520771],[3588.03,1.393815],[3588.15,0.055747],[3588.16,0.0892],[3588.17,0.139369],[3588.18,0.729884],[3588.19,0.462663],[3588.22,0.457357],[3588.23,1.670841],[3588.27,0.027763],[3588.28,0.429645],[3588.29,0.089348],[3588.3,0.702026],[3588.31,0.25],[3588.32,0.007446]]},"raw":{}}
{"exchange":"okx","instance_id":"B","symbol":"ETH-USD","event_ts":1762205090.406,"seq":0,"depth":{"last_seq":0,"bids":[[3589.55,0.265172],[3589.54,0.105257],[3589.39,0.454496],[3589.36,3.508101],[3589.26,0.865537],[3589.25,1.670841],[3589.22,0.016721],[3589.21,0.139286],[3589.2,2.795647],[3589.15,0.016721],[3589.14,0.98967],[3589.13,8.327738],[3589.06,0.139293],[3589.05,0.018946],[3589.04,0.66],[3589.02,0.0024],[3589.01,1.811146],[3589.0,0.00015],[3588.99,3.157341],[3588.95,0.205]],"asks":[[3587.78,6.614608],[3587.79,0.002224],[3587.92,1.312978],[3587.93,0.139381],[3587.94,0.45395],[3587.95,1.520771],[3588.03,1.393815],[3588.15,0.055747],[3588.16,0.0892],[3588.17,0.139369],[3588.18,0.729884],[3588.19,0.462663],[3588.22,0.457357],[3588.23,1.670841],[3588.27,0.027763],[3588.28,0.429645],[3588.29,0.089348],[3588.3,0.702026],[3588.31,0.25],[3588.32,0.007446]]},"raw":{}}
{"exchange":"okx","instance_id":"B","symbol":"ETH-USD","event_ts":1762205090.506,"seq":0,"depth":{"last_seq":0,"bids":[[3589.55,0.265172],[3589.54,0.105257],[3589.39,0.454496],[3589.36,2.125306],[3589.27,0.468632],[3589.26,0.865537],[3589.25,1.670841],[3589.22,0.016721],[3589.21,0.139286],[3589.2,2.795647],[3589.15,0.016721],[3589.14,0.98967],[3589.13,8.327738],[3589.06,0.139293],[3589.05,0.018946],[3589.04,0.66],[3589.02,0.0024],[3589.01,1.811146],[3589.0,0.00015],[3588.99,3.157341]],"asks":[[3587.78,6.614608],[3587.79,0.002224],[3587.92,1.312978],[3587.93,0.139381],[3587.94,0.45395],[3587.95,1.520771],[3588.03,1.393815],[3588.15,0.055747],[3588.16,0.0892],[3588.17,0.139369],[3588.18,0.729884],[3588.19,0.462663],[3588.22,0.457357],[3588.23,1.670841],[3588.27,0.027763],[3588.28,0.429645],[3588.29,0.089348],[3588.3,0.702026],[3588.31,0.25],[3588.32,0.007446]]},"raw":{}}
{"exchange":"okx","instance_id":"B","symbol":"ETH-USD","event_ts":1762205090.606,"seq":0,"depth":{"last_seq":0,"bids":[[3589.55,0.265172],[3589.54,0.105257],[3589.39,0.454496],[3589.36,2.125306],[3589.27,0.468632],[3589.26,0.865537],[3589.25,1.670841],[3589.22,0.016721],[3589.21,0.139286],[3589.2,2.795647],[3589.15,0.016721],[3589.14,0.98967],[3589.13,8.327738],[3589.06,0.139293],[3589.05,0.018946],[3589.04,0.66],[3589.02,0.0024],[3589.01,1.811146],[3589.0,0.00015],[3588.99,3.157341]],"asks":[[3587.78,6.614608],[3587.79,0.002224],[3587.92,1.312978],[3587.93,0.139381],[3587.94,0.45395],[3587.95,1.520771],[3588.03,1.393815],[3588.15,0.055747],[3588.16,0.0892],[3588.17,0.139369],[3588.18,0.729884],[3588.19,0.462663],[3588.22,0.457357],[3588.23,1.670841],[3588.27,0.027763],[3588.28,0.429645],[3588.29,0.089348],[3588.3,0.702026],[3588.31,0.25],[3588.32,0.007446]]},"raw":{}}
{"exchange":"okx","instance_id":"B","symbol":"ETH-USD","event_ts":1762205090.706,"seq":0,"depth":{"last_seq":0,"bids":[[3589.55,0.265172],[3589.54,0.105257],[3589.39,0.454496],[3589.36,1.252366],[3589.27,0.468632],[3589.26,0.865537],[3589.25,1.670841],[3589.22,0.016721],[3589.21,0.139286],[3589.2,2.795647],[3589.15,0.016721],[3589.14,0.98967],[3589.13,8.327738],[3589.06,0.139293],[3589.05,0.018946],[3589.04,0.66],[3589.02,0.03027],[3589.01,1.811146],[3589.0,0.00015],[3588.99,3.157341]],"asks":[[3587.78,6.614608],[3587.79,0.002224],[3587.92,1.312978],[3587.93,0.139381],[3587.94,0.45395],[3587.95,1.520771],[3588.03,1.393815],[3588.15,0.055747],[3588.16,0.0892],[3588.17,0.139369],[3588.18,0.729884],[3588.19,0.462663],[3588.22,0.457357],[3588.23,1.670841],[3588.27,0.027763],[3588.28,0.429645],[3588.29,0.089348],[3588.3,0.702026],[3588.31,0.25],[3588.32,0.007446]]},"raw":{}}
{"exchange":"okx","instance_id":"B","symbol":"ETH-USD","event_ts":1762205090.806,"seq":0,"depth":{"last_seq":0,"bids":[[3589.55,0.265172],[3589.54,0.105257],[3589.39,0.454496],[3589.36,1.099366],[3589.27,0.468632],[3589.26,0.865537],[3589.25,1.670841],[3589.22,0.016721],[3589.21,0.139286],[3589.2,2.795647],[3589.15,0.016721],[3589.14,0.98967],[3589.13,8.327738],[3589.06,0.139293],[3589.05,0.018946],[3589.04,0.66],[3589.02,0.03027],[3589.01,1.811146],[3589.0,0.00015],[3588.99,3.157341]],"asks":[[3587.78,6.614608],[3587.79,0.002224],[3587.92,1.312978],[3587.93,0.139381],[3587.94,0.45395],[3587.95,1.520771],[3588.03,1.393815],[3588.15,0.055747],[3588.16,0.0892],[3588.17,0.139369],[3588.18,0.729884],[3588.19,0.462663],[3588.22,0.457357],[3588.23,1.670841],[3588.27,0.027763],[3588.28,0.429645],[3588.29,0.089348],[3588.3,0.702026],[3588.31,0.25],[3588.32,0.007446]]},"raw":{}}
{"exchange":"okx","instance_id":"B","symbol":"ETH-USD","event_ts":1762205090.906,"seq":0,"depth":{"last_seq":0,"bids":[[3589.55,0.265172],[3589.54,0.105257],[3589.39,0.454496],[3589.36,1.099366],[3589.27,0.468632],[3589.26,0.865537],[3589.25,1.670841],[3589.22,0.016721],[3589.21,0.139286],[3589.2,2.795647],[3589.15,0.016721],[3589.14,0.98967],[3589.13,8.327738],[3589.06,0.139293],[3589.05,0.018946],[3589.04,0.66],[3589.02,0.02787],[3589.01,1.811146],[3589.0,0.00015],[3588.99,3.157341]],"asks":[[3587.78,6.614608],[3587.79,0.002224],[3587.92,1.312978],[3587.93,0.139381],[3587.94,0.45395],[3587.95,1.520771],[3588.03,1.393815],[3588.15,0.055747],[3588.16,0.0892],[3588.17,0.139369],[3588.18,0.729884],[3588.19,0.462663],[3588.22,0.457357],[3588.23,1.670841],[3588.27,0.027763],[3588.28,0.429645],[3588.29,0.089348],[3588.3,0.702026],[3588.31,0.25],[3588.32,0.007446]]},"raw":{}}
{"exchange":"okx","instance_id":"B","symbol":"ETH-USD","event_ts":1762205091.006,"seq":0,"depth":{"last_seq":0,"bids":[[3589.55,0.265172],[3589.54,0.105257],[3589.39,0.454496],[3589.36,1.099366],[3589.27,0.468632],[3589.26,0.865537],[3589.25,1.670841],[3589.22,0.016721],[3589.21,0.139286],[3589.2,2.795647],[3589.15,0.016721],[3589.14,0.98967],[3589.13,8.327738],[3589.06,0.139293],[3589.05,0.018946],[3589.04,0.66],[3589.02,0.02787],[3589.01,1.811146],[3589.0,0.00015],[3588.99,3.157341]],"asks":[[3587.78,6.614608],[3587.79,0.002224],[3587.92,1.312978],[3587.93,0.139381],[3587.94,0.45395],[3587.95,1.520771],[3588.03,1.393815],[3588.15,0.055747],[3588.16,0.0892],[3588.17,0.139369],[3588.18,0.729884],[3588.19,0.462663],[3588.22,0.457357],[3588.23,1.670841],[3588.27,0.027763],[3588.28,0.429645],[3588.29,0.089348],[3588.3,0.702026],[3588.31,0.25],[3588.32,0.007446]]},"raw":{}}
{"exchange":"okx","instance_id":"B","symbol":"ETH-USD","event_ts":1762205091.106,"seq":0,"depth":{"last_seq":0,"bids":[[3589.55,0.265172],[3589.54,0.105257],[3589.39,0.454496],[3589.36,1.099366],[3589.27,0.468632],[3589.26,0.865537],[3589.25,1.670841],[3589.22,0.016721],[3589.21,0.139286],[3589.2,2.795647],[3589.15,0.016721],[3589.14,0.98967],[3589.13,8.327738],[3589.06,0.139293],[3589.05,0.018946],[3589.04,0.66],[3589.02,0.02787],[3589.01,1.811146],[3589.0,0.00015],[3588.99,3.157341]],"asks":[[3587.78,6.614608],[3587.79,0.002224],[3587.92,1.312978],[3587.93,0.139381],[3587.94,0.45395],[3587.95,1.520771],[3588.03,1.393815],[3588.15,0.055747],[3588.16,0.0892],[3588.17,0.139369],[3588.18,0.729884],[3588.19,0.462663],[3588.22,0.457357],[3588.23,1.670841],[3588.27,0.027763],[3588.28,0.429645],[3588.29,0.089348],[3588.3,0.702026],[3588.31,0.25],[3588.32,0.007446]]},"raw":{}}
{"exchange":"okx","instance_id":"B","symbol":"ETH-USD","event_ts":1762205091.206,"seq":0,"depth":{"last_seq":0,"bids":[[3589.55,0.265172],[3589.54,0.105257],[3589.39,0.454496],[3589.36,1.099366],[3589.27,0.468632],[3589.26,0.865537],[3589.25,1.670841],[3589.22,0.016721],[3589.21,0.139286],[3589.2,2.795647],[3589.15,0.016721],[3589.14,0.98967],[3589.13,8.327738],[3589.06,0.139293],[3589.05,0.018946],[3589.04,0.66],[3589.02,0.02787],[3589.01,1.811146],[3589.0,0.00015],[3588.99,3.157341]],"asks":[[3587.78,6.614608],[3587.79,0.002224],[3587.92,1.312978],[3587.93,0.139381],[3587.94,0.45395],[3587.95,1.520771],[3588.03,1.393815],[3588.15,0.055747],[3588.16,0.0892],[3588.17,0.139369],[3588.18,0.729884],[3588.19,0.462663],[3588.22,0.457357],[3588.23,1.670841],[3588.27,0.027763],[3588.28,0.429645],[3588.29,0.089348],[3588.3,0.702026],[3588.31,0.25],[3588.32,0.007446]]},"raw":{}}
{"exchange":"okx","instance_id":"B","symbol":"ETH-USD","event_ts":1762205091.306,"seq":0,"depth":{"last_seq":0,"bids":[[3589.55,0.265172],[3589.54,0.105257],[3589.39,0.454496],[3589.36,1.099366],[3589.27,0.468632],[3589.26,0.865537],[3589.25,1.670841],[3589.22,0.016721],[3589.21,0.139286],[3589.2,2.795647],[3589.15,0.016721],[3589.14,0.98967],[3589.13,8.327738],[3589.06,0.139293],[3589.05,0.018946],[3589.04,0.66],[3589.02,0.02787],[3589.01,1.811146],[3589.0,0.00015],[3588.99,3.157341]],"asks":[[3587.78,6.614608],[3587.79,0.002224],[3587.92,1.312978],[3587.93,0.139381],[3587.94,0.45395],[3587.95,1.520771],[3588.03,1.393815],[3588.15,0.055747],[3588.16,0.0892],[3588.17,0.139369],[3588.18,0.729884],[3588.19,0.462663],[3588.22,0.457357],[3588.23,1.670841],[3588.27,0.027763],[3588.28,0.429645],[3588.29,0.089348],[3588.3,0.702026],[3588.31,0.25],[3588.32,0.007446]]},"raw":{}}
{"exchange":"okx","instance_id":"B","symbol":"ETH-USD","event_ts":1762205091.406,"seq":0,"depth":{"last_seq":0,"bids":[[3589.55,0.265172],[3589.54,0.105257],[3589.39,0.454496],[3589.36,1.099366],[3589.27,0.468632],[3589.26,0.865537],[3589.25,1.670841],[3589.22,0.016721],[3589.21,0.139286],[3589.2,2.795647],[3589.15,0.016721],[3589.14,0.98967],[3589.13,8.327738],[3589.06,0.139293],[3589.05,0.018946],[3589.04,0.66],[3589.02,0.02787],[3589.01,1.811146],[3589.0,0.00015],[3588.99,3.157341]],"asks":[[3587.78,6.614608],[3587.79,0.002224],[3587.92,1.312978],[3587.93,0.139381],[3587.94,0.45395],[3587.95,1.520771],[3588.03,1.393815],[3588.15,0.055747],[3588.16,0.0892],[3588.17,0.139369],[3588.18,0.729884],[3588.19,0.462663],[3588.22,0.457357],[3588.23,1.670841],[3588.27,0.027763],[3588.28,0.429645],[3588.29,0.089348],[3588.3,0.702026],[3588.31,0.25],[3588.32,0.007446]]},"raw":{}}
{"exchange":"okx","instance_id":"B","symbol":"ETH-USD","event_ts":1762205091.706,"seq":0,"depth":{"last_seq":0,"bids":[[3589.55,0.265172],[3589.54,0.105257],[3589.39,0.454496],[3589.36,1.099366],[3589.27,0.468632],[3589.26,0.865537],[3589.25,1.670841],[3589.22,0.016721],[3589.21,0.139286],[3589.2,2.795647],[3589.15,0.016721],[3589.14,0.98967],[3589.13,8.327738],[3589.06,0.139293],[3589.05,0.018946],[3589.04,0.66],[3589.02,0.02787],[3589.01,1.811146],[3589.0,0.00015],[3588.99,3.157341]],"asks":[[3587.78,6.614608],[3587.79,0.002224],[3587.92,1.312978],[3587.93,0.139381],[3587.94,0.45395],[3587.95,1.520771],[3588.03,1.393815],[3588.15,0.055747],[3588.16,0.0892],[3588.17,0.139369],[3588.18,0.729884],[3588.19,0.462663],[3588.22,0.457357],[3588.23,1.670841],[3588.27,0.027763],[3588.28,0.429645],[3588.29,0.089348],[3588.3,0.702026],[3588.31,0.25],[3588.32,0.007446]]},"raw":{}}
{"exchange":"okx","instance_id":"B","symbol":"ETH-USD","event_ts":1762205091.906,"seq":0,"depth":{"last_seq":0,"bids":[[3589.55,0.265172],[3589.54,0.105257],[3589.39,0.454496],[3589.36,1.099366],[3589.27,0.468632],[3589.26,0.865537],[3589.25,1.670841],[3589.22,0.016721],[3589.21,0.139286],[3589.2,2.795647],[3589.18,2.737404],[3589.15,0.016721],[3589.14,0.98967],[3589.13,8.327738],[3589.06,0.139293],[3589.05,0.018946],[3589.04,0.66],[3589.02,0.02787],[3589.01,1.811146],[3589.0,0.00015]],"asks":[[3587.78,6.614608],[3587.79,0.002224],[3587.92,1.312978],[3587.93,0.139381],[3587.94,0.45395],[3587.95,1.520771],[3588.03,1.393815],[3588.15,0.055747],[3588.16,0.0892],[3588.17,0.139369],[3588.18,0.729884],[3588.19,0.462663],[3588.22,0.457357],[3588.23,1.670841],[3588.27,0.027763],[3588.28,0.429645],[3588.29,0.089348],[3588.3,0.702026],[3588.31,0.25],[3588.32,0.007446]]},"raw":{}}
{"exchange":"okx","instance_id":"B","symbol":"ETH-USD","event_ts":1762205092.006,"seq":0,"depth":{"last_seq":0,"bids":[[3589.55,0.265172],[3589.54,0.105257],[3589.44,3.6508],[3589.39,0.454496],[3589.36,1.099366],[3589.27,0.468632],[3589.26,0.865537],[3589.25,1.670841],[3589.22,0.016721],[3589.21,0.139286],[3589.2,2.795647],[3589.18,2.737404],[3589.15,0.016721],[3589.14,0.98967],[3589.13,8.327738],[3589.06,0.139293],[3589.05,0.018946],[3589.04,0.66],[3589.02,0.02787],[3589.01,1.811146]],"asks":[[3587.78,6.614608],[3587.79,0.002224],[3587.92,1.312978],[3587.93,0.139381],[3587.94,0.45395],[3587.95,1.520771],[3588.03,1.393815],[3588.15,0.055747],[3588.16,0.0892],[3588.17,0.139369],[3588.18,0.729884],[3588.19,0.462663],[3588.22,0.457357],[3588.23,1.670841],[3588.27,0.027763],[3588.28,0.429645],[3588.29,0.089348],[3588.3,0.702026],[3588.31,0.25],[3588.32,0.007446]]},"raw":{}}
{"exchange":"okx","instance_id":"B","symbol":"ETH-USD","event_ts":1762205092.106,"seq":0,"depth":{"last_seq":0,"bids":[[3589.55,0.265172],[3589.54,0.105257],[3589.44,3.6508],[3589.39,0.454496],[3589.36,1.099366],[3589.27,0.468632],[3589.26,0.865537],[3589.25,1.670841],[3589.24,0.468494],[3589.22,0.016721],[3589.21,0.139286],[3589.2,2.795647],[3589.18,2.737404],[3589.15,0.016721],[3589.14,0.98967],[3589.13,8.327738],[3589.06,0.139293],[3589.05,0.018946],[3589.04,0.66],[3589.02,0.02787]],"asks":[[3587.78,6.614608],[3587.79,0.002224],[3587.92,1.312978],[3587.93,0.139381],[3587.94,0.45395],[3587.95,1.520771],[3588.03,1.393815],[3588.15,0.055747],[3588.16,0.0892],[3588.17,0.139369],[3588.18,0.729884],[3588.19,0.462663],[3588.22,0.457357],[3588.23,1.670841],[3588.27,0.027763],[3588.28,0.429645],[3588.29,0.089348],[3588.3,0.702026],[3588.31,0.25],[3588.32,0.007446]]},"raw":{}}
{"exchange":"okx","instance_id":"B","symbol":"ETH-USD","event_ts":1762205092.206,"seq":0,"depth":{"last_seq":0,"bids":[[3589.55,0.265172],[3589.54,0.105257],[3589.44,0.89482],[3589.39,0.454496],[3589.36,1.099366],[3589.27,0.468632],[3589.26,0.865537],[3589.25,1.670841],[3589.24,0.468494],[3589.22,0.016721],[3589.21,0.139286],[3589.2,2.795647],[3589.18,2.737404],[3589.15,0.016721],[3589.14,0.98967],[3589.13,8.327738],[3589.06,0.139293],[3589.05,0.018946],[3589.04,0.66],[3589.02,0.02787]],"asks":[[3587.78,6.614608],[3587.79,0.002224],[3587.92,1.312978],[3587.93,0.139381],[3587.94,0.45395],[3587.95,1.520771],[3588.03,1.393815],[3588.15,0.055747],[3588.16,0.0892],[3588.17,0.139369],[3588.18,0.729884],[3588.19,0.462663],[3588.22,0.457357],[3588.23,1.670841],[3588.27,0.027763],[3588.28,0.429645],[3588.29,0.089348],[3588.3,0.702026],[3588.31,0.25],[3588.32,0.007446]]},"raw":{}}
{"exchange":"okx","instance_id":"B","symbol":"ETH-USD","event_ts":1762205092.306,"seq":0,"depth":{"last_seq":0,"bids":[[3589.55,0.265172],[3589.54,0.105257],[3589.44,0.28148],[3589.39,0.454496],[3589.36,1.099366],[3589.27,0.468632],[3589.26,0.865537],[3589.25,1.670841],[3589.24,0.468494],[3589.22,0.016721],[3589.21,0.139286],[3589.2,2.795647],[3589.18,2.737404],[3589.15,0.016721],[3589.14,0.98967],[3589.13,8.327738],[3589.06,0.139293],[3589.05,0.018946],[3589.04,0.66],[3589.02,0.02787]],"asks":[[3587.78,6.614608],[3587.79,0.002224],[3587.92,1.312978],[3587.93,0.139381],[3587.94,0.45395],[3587.95,1.520771],[3588.03,1.393815],[3588.15,0.055747],[3588.16,0.0892],[3588.17,0.139369],[3588.18,0.729884],[3588.19,0.462663],[3588.22,0.457357],[3588.23,1.670841],[3588.27,0.027763],[3588.28,0.429645],[3588.29,0.089348],[3588.3,0.702026],[3588.31,0.25],[3588.32,0.007446]]},"raw":{}}
{"exchange":"okx","instance_id":"B","symbol":"ETH-USD","event_ts":1762205092.406,"seq":0,"depth":{"last_seq":0,"bids":[[3589.55,0.265172],[3589.54,0.105257],[3589.44,0.28148],[3589.39,0.454496],[3589.36,1.099366],[3589.27,0.468632],[3589.26,0.865537],[3589.25,1.670841],[3589.24,0.468494],[3589.22,0.016721],[3589.21,0.139286],[3589.2,2.795647],[3589.18,2.737404],[3589.15,0.016721],[3589.14,0.98967],[3589.13,8.327738],[3589.06,0.139293],[3589.05,0.018946],[3589.04,0.66],[3589.02,0.02787]],"asks":[[3587.78,6.614608],[3587.79,0.002224],[3587.92,1.312978],[3587.93,0.139381],[3587.94,0.45395],[3587.95,1.520771],[3588.03,1.393815],[3588.15,0.055747],[3588.16,0.0892],[3588.17,0.139369],[3588.18,0.729884],[3588.19,0.462663],[3588.22,0.457357],[3588.23,1.670841],[3588.27,0.027763],[3588.28,0.429645],[3588.29,0.089348],[3588.3,0.702026],[3588.31,0.25],[3588.32,0.007446]]},"raw":{}}
{"exchange":"okx","instance_id":"B","symbol":"ETH-USD","event_ts":1762205092.506,"seq":0,"depth":{"last_seq":0,"bids":[[3589.55,0.265172],[3589.54,0.105257],[3589.44,0.28148],[3589.39,0.454496],[3589.36,1.099366],[3589.27,0.468632],[3589.26,0.865537],[3589.25,1.670841],[3589.24,0.468494],[3589.22,0.016721],[3589.21,0.139286],[3589.2,2.795647],[3589.18,2.737404],[3589.15,0.016721],[3589.14,0.98967],[3589.13,8.327738],[3589.06,0.139293],[3589.05,0.018946],[3589.04,0.66],[3589.02,0.02787]],"asks":[[3587.78,6.614608],[3587.79,0.002224],[3587.92,1.312978],[3587.93,0.139381],[3587.94,0.45395],[3587.95,1.520771],[3588.03,1.393815],[3588.15,0.055747],[3588.16,0.0892],[3588.17,0.139369],[3588.18,0.729884],[3588.19,0.462663],[3588.22,0.457357],[3588.23,1.670841],[3588.27,0.027763],[3588.28,0.429645],[3588.29,0.089348],[3588.3,0.702026],[3588.31,0.25],[3588.32,0.007446]]},"raw":{}}
{"exchange":"okx","instance_id":"B","symbol":"ETH-USD","event_ts":1762205092.606,"seq":0,"depth":{"last_seq":0,"bids":[[3589.55,0.265172],[3589.54,0.105257],[3589.44,0.28148],[3589.39,0.454496],[3589.36,1.099366],[3589.27,0.468632],[3589.26,0.865537],[3589.25,1.670841],[3589.24,0.468494],[3589.22,0.016721],[3589.21,0.139286],[3589.2,2.795647],[3589.18,2.737404],[3589.15,0.016721],[3589.14,0.98967],[3589.13,8.327738],[3589.06,0.139293],[3589.05,0.018946],[3589.04,0.66],[3589.02,0.02787]],"asks":[[3587.78,6.614608],[3587.79,0.002224],[3587.92,1.312978],[3587.93,0.139381],[3587.94,0.45395],[3587.95,1.520771],[3588.03,1.393815],[3588.15,0.055747],[3588.16,0.0892],[3588.17,0.139369],[3588.18,0.729884],[3588.19,0.462663],[3588.22,0.457357],[3588.23,1.670841],[3588.27,0.027763],[3588.28,0.429645],[3588.29,0.089348],[3588.3,0.702026],[3588.31,0.25],[3588.32,0.007446]]},"raw":{}}
{"exchange":"okx","instance_id":"B","symbol":"ETH-USD","event_ts":1762205092.806,"seq":0,"depth":{"last_seq":0,"bids":[[3589.55,0.265172],[3589.54,0.105257],[3589.44,0.28148],[3589.39,0.454496],[3589.36,1.099366],[3589.27,0.468632],[3589.26,0.865537],[3589.25,1.670841],[3589.24,0.468494],[3589.22,0.016721],[3589.21,0.139286],[3589.2,2.795647],[3589.18,2.737404],[3589.15,0.016721],[3589.14,0.98967],[3589.13,8.327738],[3589.06,0.139293],[3589.05,0.018946],[3589.04,0.66],[3589.02,0.02787]],"asks":[[3587.78,6.614608],[3587.79,0.002224],[3587.92,1.312978],[3587.93,0.139381],[3587.94,0.45395],[3587.95,1.520771],[3588.03,1.393815],[3588.15,0.055747],[3588.16,0.0892],[3588.17,0.139369],[3588.18,0.729884],[3588.19,0.462663],[3588.22,0.457357],[3588.23,1.670841],[3588.27,0.027763],[3588.28,0.429645],[3588.29,0.089348],[3588.3,0.702026],[3588.31,0.25],[3588.32,0.007446]]},"raw":{}}
{"exchange":"okx","instance_id":"B","symbol":"ETH-USD","event_ts":1762205092.906,"seq":0,"depth":{"last_seq":0,"bids":[[3589.55,0.265172],[3589.54,0.105257],[3589.44,0.28148],[3589.39,0.454496],[3589.36,1.099366],[3589.27,0.468632],[3589.26,0.865537],[3589.25,1.670841],[3589.24,0.468494],[3589.22,0.016721],[3589.21,0.139286],[3589.2,2.795647],[3589.18,2.737404],[3589.15,0.016721],[3589.14,0.98967],[3589.13,8.327738],[3589.06,0.139293],[3589.05,0.018946],[3589.04,0.66],[3589.02,0.02787]],"asks":[[3587.78,6.614608],[3587.79,0.002224],[3587.92,1.312978],[3587.93,0.139381],[3587.94,0.45395],[3587.95,1.520771],[3588.03,1.393815],[3588.15,0.055747],[3588.16,0.0892],[3588.17,0.139369],[3588.18,0.729884],[3588.19,0.462663],[3588.22,0.457357],[3588.23,1.670841],[3588.27,0.027763],[3588.28,0.429645],[3588.29,0.089348],[3588.3,0.702026],[3588.31,0.25],[3588.32,0.007446]]},"raw":{}}
{"exchange":"okx","instance_id":"B","symbol":"ETH-USD","event_ts":1762205093.006,"seq":0,"depth":{"last_seq":0,"bids":[[3589.55,0.265172],[3589.54,0.105257],[3589.44,0.28148],[3589.39,0.454496],[3589.36,1.099366],[3589.27,0.468632],[3589.26,0.865537],[3589.25,1.670841],[3589.24,0.468494],[3589.22,0.016721],[3589.21,0.139286],[3589.2,2.795647],[3589.18,2.737404],[3589.15,0.016721],[3589.14,0.98967],[3589.13,8.327738],[3589.06,0.139293],[3589.05,0.018946],[3589.04,0.66],[3589.02,0.02787]],"asks":[[3587.78,6.614608],[3587.79,0.002224],[3587.92,1.312978],[3587.93,0.139381],[3587.94,0.45395],[3587.95,1.520771],[3588.03,1.393815],[3588.15,0.055747],[3588.16,0.0892],[3588.17,0.139369],[3588.18,0.729884],[3588.19,0.462663],[3588.22,0.457357],[3588.23,1.670841],[3588.27,0.027763],[3588.28,0.429645],[3588.29,0.089348],[3588.3,0.702026],[3588.31,0.25],[3588.32,0.007446]]},"raw":{}}
{"exchange":"okx","instance_id":"B","symbol":"ETH-USD","event_ts":1762205093.206,"seq":0,"depth":{"last_seq":0,"bids":[[3589.55,0.265172],[3589.54,0.105257],[3589.44,0.28148],[3589.39,0.454496],[3589.36,1.099366],[3589.27,0.468632],[3589.26,0.865537],[3589.25,1.670841],[3589.24,0.468494],[3589.22,0.016721],[3589.21,0.139286],[3589.2,2.795647],[3589.18,2.737404],[3589.15,0.016721],[3589.14,0.98967],[3589.13,8.327738],[3589.06,0.139293],[3589.05,0.018946],[3589.04,0.66],[3589.02,0.02787]],"asks":[[3587.78,6.614608],[3587.79,0.002224],[3587.92,1.312978],[3587.93,0.139381],[3587.94,0.45395],[3587.95,1.520771],[3588.03,1.393815],[3588.15,0.055747],[3588.16,0.0892],[3588.17,0.139369],[3588.18,0.729884],[3588.19,0.462663],[3588.22,0.457357],[3588.23,1.670841],[3588.27,0.027763],[3588.28,0.429645],[3588.29,0.089348],[3588.3,0.702026],[3588.31,0.25],[3588.32,0.007446]]},"raw":{}}
{"exchange":"okx","instance_id":"B","symbol":"ETH-USD","event_ts":1762205093.306,"seq":0,"depth":{"last_seq":0,"bids":[[3589.55,0.265172],[3589.54,0.105257],[3589.44,0.28148],[3589.39,0.454496],[3589.36,1.099366],[3589.27,0.468632],[3589.26,0.865537],[3589.25,1.670841],[3589.24,0.468494],[3589.22,0.016721],[3589.21,0.139286],[3589.2,2.795647],[3589.18,2.737404],[3589.15,0.016721],[3589.14,0.98967],[3589.13,8.327738],[3589.06,0.139293],[3589.05,0.018946],[3589.04,0.66],[3589.02,0.02787]],"asks":[[3587.78,6.614608],[3587.79,0.002224],[3587.92,1.312978],[3587.93,0.139381],[3587.94,0.45395],[3587.95,1.520771],[3588.03,1.393815],[3588.15,0.055747],[3588.16,0.0892],[3588.17,0.139369],[3588.18,0.729884],[3588.19,0.462663],[3588.22,0.457357],[3588.23,1.670841],[3588.27,0.027763],[3588.28,0.429645],[3588.29,0.089348],[3588.3,0.702026],[3588.31,0.25],[3588.32,0.007446]]},"raw":{}}
{"exchange":"okx","instance_id":"B","symbol":"ETH-USD","event_ts":1762205093.406,"seq":0,"depth":{"last_seq":0,"bids":[[3589.55,0.265172],[3589.54,0.105257],[3589.44,0.28148],[3589.39,0.454496],[3589.36,1.099366],[3589.27,0.468632],[3589.26,0.865537],[3589.25,1.670841],[3589.24,0.468494],[3589.22,0.016721],[3589.21,0.139286],[3589.2,2.795647],[3589.18,2.737404],[3589.15,0.016721],[3589.14,0.98967],[3589.13,8.327738],[3589.06,0.139293],[3589.05,0.018946],[3589.04,0.66],[3589.02,0.02787]],"asks":[[3587.78,6.614608],[3587.79,0.002224],[3587.92,1.312978],[3587.93,0.139381],[3587.94,0.45395],[3587.95,1.520771],[3588.03,1.393815],[3588.15,0.055747],[3588.16,0.0892],[3588.17,0.139369],[3588.18,0.729884],[3588.19,0.462663],[3588.22,0.457357],[3588.23,1.670841],[3588.27,0.027763],[3588.28,0.429645],[3588.29,0.089348],[3588.3,0.702026],[3588.31,0.25],[3588.32,0.007446]]},"raw":{}}
{"exchange":"okx","instance_id":"B","symbol":"ETH-USD","event_ts":1762205093.506,"seq":0,"depth":{"last_seq":0,"bids":[[3589.55,0.265172],[3589.54,0.105257],[3589.44,0.28148],[3589.39,0.454496],[3589.36,1.099366],[3589.27,0.468632],[3589.26,0.865537],[3589.25,1.670841],[3589.24,0.468494],[3589.22,0.016721],[3589.21,0.139286],[3589.2,2.795647],[3589.18,2.737404],[3589.15,0.016721],[3589.14,0.98967],[3589.13,8.327738],[3589.06,0.139293],[3589.05,0.018946],[3589.04,0.66],[3589.02,0.02787]],"asks":[[3587.78,6.614608],[3587.79,0.002224],[3587.92,1.312978],[3587.93,0.139381],[3587.94,0.45395],[3587.95,1.520771],[3588.03,1.393815],[3588.15,0.055747],[3588.16,0.0892],[3588.17,0.139369],[3588.18,0.729884],[3588.19,0.462663],[3588.22,0.457357],[3588.23,1.670841],[3588.27,0.027763],[3588.28,0.429645],[3588.29,0.089348],[3588.3,0.702026],[3588.31,0.25],[3588.32,0.007446]]},"raw":{}}
{"exchange":"okx","instance_id":"B","symbol":"ETH-USD","event_ts":1762205093.906,"seq":0,"depth":{"last_seq":0,"bids":[[3589.55,0.265172],[3589.54,0.105257],[3589.44,0.28148],[3589.39,0.454496],[3589.36,1.099366],[3589.27,0.468632],[3589.26,0.865537],[3589.25,1.670841],[3589.24,0.468494],[3589.22,0.016721],[3589.21,0.139286],[3589.2,2.795647],[3589.18,2.737404],[3589.15,0.016721],[3589.14,0.98967],[3589.13,8.327738],[3589.06,0.139293],[3589.05,0.018946],[3589.04,0.66],[3589.02,0.02787]],"asks":[[3587.78,6.614608],[3587.79,0.002224],[3587.92,1.312978],[3587.93,0.139381],[3587.94,0.45395],[3587.95,1.520771],[3588.03,1.393815],[3588.15,0.055747],[3588.16,0.0892],[3588.17,0.139369],[3588.18,0.729884],[3588.19,0.462663],[3588.22,0.457357],[3588.23,1.670841],[3588.27,0.027763],[3588.28,0.429645],[3588.29,0.089348],[3588.3,0.702026],[3588.31,0.25],[3588.32,0.007446]]},"raw":{}}
{"exchange":"okx","instance_id":"B","symbol":"ETH-USD","event_ts":1762205094.006,"seq":0,"depth":{"last_seq":0,"bids":[[3589.55,0.265172],[3589.54,0.105257],[3589.44,0.28148],[3589.39,0.454496],[3589.36,1.099366],[3589.27,0.468632],[3589.26,0.865537],[3589.25,1.670841],[3589.24,0.468494],[3589.22,0.016721],[3589.21,0.139286],[3589.2,2.795647],[3589.18,2.737404],[3589.15,0.016721],[3589.14,0.98967],[3589.13,8.327738],[3589.06,0.139293],[3589.05,0.018946],[3589.04,0.66],[3589.03,0.38736]],"asks":[[3587.78,6.614608],[3587.79,0.002224],[3587.92,1.312978],[3587.93,0.139381],[3587.94,0.45395],[3587.95,1.520771],[3588.03,1.393815],[3588.15,0.055747],[3588.16,0.0892],[3588.17,0.139369],[3588.18,0.729884],[3588.19,0.462663],[3588.22,0.457357],[3588.23,1.670841],[3588.27,0.027763],[3588.28,0.429645],[3588.29,0.089348],[3588.3,0.702026],[3588.31,0.25],[3588.32,0.007446]]},"raw":{}}
{"exchange":"okx","instance_id":"B","symbol":"ETH-USD","event_ts":1762205094.106,"seq":0,"depth":{"last_seq":0,"bids":[[3589.55,0.265172],[3589.54,0.105257],[3589.44,0.28148],[3589.39,0.454496],[3589.36,1.099366],[3589.27,0.468632],[3589.26,0.865537],[3589.25,1.670841],[3589.24,0.468494],[3589.22,0.016721],[3589.21,0.139286],[3589.2,2.795647],[3589.19,3.0826],[3589.18,2.737404],[3589.15,0.016721],[3589.14,0.98967],[3589.13,8.327738],[3589.06,0.139293],[3589.05,0.018946],[3589.04,0.66]],"asks":[[3587.78,6.614608],[3587.79,0.002224],[3587.92,1.312978],[3587.93,0.139381],[3587.94,0.45395],[3587.95,1.520771],[3588.03,1.393815],[3588.15,0.055747],[3588.16,0.0892],[3588.17,0.139369],[3588.18,0.729884],[3588.19,0.462663],[3588.22,0.457357],[3588.23,1.670841],[3588.27,0.027763],[3588.28,0.429645],[3588.29,0.089348],[3588.3,0.702026],[3588.31,0.25],[3588.32,0.007446]]},"raw":{}}
{"exchange":"okx","instance_id":"B","symbol":"ETH-USD","event_ts":1762205094.206,"seq":0,"depth":{"last_seq":0,"bids":[[3589.55,0.265172],[3589.54,0.105257],[3589.44,0.28148],[3589.39,0.454496],[3589.36,1.099366],[3589.27,0.468632],[3589.26,0.865537],[3589.25,1.670841],[3589.24,0.468494],[3589.22,0.016721],[3589.21,0.139286],[3589.2,2.795647],[3589.19,3.0826],[3589.18,2.737404],[3589.15,0.016721],[3589.14,0.98967],[3589.13,8.327738],[3589.06,0.139293],[3589.05,0.018946],[3589.04,0.66]],"asks":[[3587.78,6.614608],[3587.79,0.002224],[3587.92,1.312978],[3587.93,0.139381],[3587.94,0.45395],[3587.95,1.520771],[3588.03,1.393815],[3588.15,0.055747],[3588.16,0.0892],[3588.17,0.139369],[3588.18,0.729884],[3588.19,0.462663],[3588.22,0.457357],[3588.23,1.670841],[3588.27,0.027763],[3588.28,0.429645],[3588.29,0.089348],[3588.3,0.702026],[3588.31,0.25],[3588.32,0.007446]]},"raw":{}}
{"exchange":"okx","instance_id":"B","symbol":"ETH-USD","event_ts":1762205094.406,"seq":0,"depth":{"last_seq":0,"bids":[[3589.55,0.265172],[3589.54,0.105257],[3589.44,0.28148],[3589.39,0.454496],[3589.36,1.099366],[3589.27,0.468632],[3589.26,0.865537],[3589.25,1.670841],[3589.24,0.468494],[3589.22,0.016721],[3589.21,0.139286],[3589.2,2.795647],[3589.19,3.0826],[3589.18,2.737404],[3589.15,0.016721],[3589.14,0.98967],[3589.13,8.327738],[3589.06,0.139293],[3589.05,0.018946],[3589.04,0.66]],"asks":[[3587.78,6.614608],[3587.79,0.002224],[3587.92,1.312978],[3587.93,0.139381],[3587.94,0.45395],[3587.95,1.520771],[3588.03,1.393815],[3588.15,0.055747],[3588.16,0.0892],[3588.17,0.139369],[3588.18,0.729884],[3588.19,0.462663],[3588.22,0.457357],[3588.23,1.670841],[3588.27,0.027763],[3588.28,0.429645],[3588.29,0.089348],[3588.3,0.702026],[3588.31,0.25],[3588.32,0.007446]]},"raw":{}}
{"exchange":"okx","instance_id":"B","symbol":"ETH-USD","event_ts":1762205094.506,"seq":0,"depth":{"last_seq":0,"bids":[[3589.55,0.265172],[3589.54,0.105257],[3589.44,0.28148],[3589.39,0.454496],[3589.36,1.099366],[3589.27,0.468632],[3589.26,0.865537],[3589.25,1.670841],[3589.24,0.468494],[3589.22,0.016721],[3589.21,0.139286],[3589.2,2.795647],[3589.19,4.2486],[3589.18,2.737404],[3589.15,0.016721],[3589.14,0.98967],[3589.13,8.327738],[3589.06,0.139293],[3589.05,0.018946],[3589.04,0.66]],"asks":[[3587.78,6.614608],[3587.79,0.002224],[3587.92,1.312978],[3587.93,0.139381],[3587.94,0.45395],[3587.95,1.520771],[3588.03,1.393815],[3588.15,0.055747],[3588.16,0.0892],[3588.17,0.139369],[3588.18,0.729884],[3588.19,0.462663],[3588.22,0.457357],[3588.23,1.670841],[3588.27,0.027763],[3588.28,0.429645],[3588.29,0.089348],[3588.3,0.702026],[3588.31,0.25],[3588.32,0.007446]]},"raw":{}}
{"exchange":"okx","instance_id":"B","symbol":"ETH-USD","event_ts":1762205094.606,"seq":0,"depth":{"last_seq":0,"bids":[[3589.55,0.265172],[3589.54,0.105257],[3589.44,0.28148],[3589.39,0.454496],[3589.36,1.099366],[3589.27,0.468632],[3589.26,0.865537],[3589.25,1.670841],[3589.24,0.468494],[3589.22,0.016721],[3589.21,0.139286],[3589.2,2.795647],[3589.19,4.2486],[3589.18,2.737404],[3589.15,0.016721],[3589.14,0.98967],[3589.13,8.327738],[3589.06,0.139293],[3589.05,0.018946],[3589.04,0.66]],"asks":[[3587.78,6.614608],[3587.79,0.002224],[3587.92,1.312978],[3587.93,0.139381],[3587.94,0.45395],[3587.95,1.520771],[3588.03,1.393815],[3588.15,0.055747],[3588.16,0.0892],[3588.17,0.139369],[3588.18,0.729884],[3588.19,0.462663],[3588.22,0.457357],[3588.23,1.670841],[3588.27,0.027763],[3588.28,0.429645],[3588.29,0.089348],[3588.3,0.702026],[3588.31,0.25],[3588.32,0.007446]]},"raw":{}}
{"exchange":"okx","instance_id":"B","symbol":"ETH-USD","event_ts":1762205094.706,"seq":0,"depth":{"last_seq":0,"bids":[[3589.55,0.265172],[3589.54,0.105257],[3589.44,0.28148],[3589.39,0.454496],[3589.36,1.099366],[3589.27,0.468632],[3589.26,0.865537],[3589.25,1.670841],[3589.24,0.468494],[3589.22,0.016721],[3589.21,0.139286],[3589.2,2.795647],[3589.19,4.2486],[3589.18,2.737404],[3589.15,0.016721],[3589.14,0.98967],[3589.13,8.327738],[3589.06,0.139293],[3589.05,0.018946],[3589.04,0.66]],"asks":[[3587.78,6.614608],[3587.79,0.002224],[3587.92,1.312978],[3587.93,0.139381],[3587.94,0.45395],[3587.95,1.520771],[3588.03,1.393815],[3588.15,0.055747],[3588.16,0.0892],[3588.17,0.139369],[3588.18,0.729884],[3588.19,0.462663],[3588.22,0.457357],[3588.23,1.670841],[3588.27,0.027763],[3588.28,0.429645],[3588.29,0.089348],[3588.3,0.702026],[3588.31,0.25],[3588.32,0.007446]]},"raw":{}}
{"exchange":"okx","instance_id":"B","symbol":"ETH-USD","event_ts":1762205094.806,"seq":0,"depth":{"last_seq":0,"bids":[[3589.55,0.265172],[3589.54,0.105257],[3589.44,0.28148],[3589.39,0.454496],[3589.36,1.099366],[3589.28,5.5576],[3589.27,9.751748],[3589.26,0.865537],[3589.25,1.670841],[3589.24,0.468494],[3589.22,0.016721],[3589.21,0.139286],[3589.2,2.795647],[3589.19,0.002224],[3589.18,2.737404],[3589.15,0.016721],[3589.14,0.98967],[3589.13,8.327738],[3589.12,0.139293],[3589.06,0.139293]],"asks":[[3587.78,6.614608],[3587.79,0.002224],[3587.92,1.312978],[3587.93,0.139381],[3587.94,0.45395],[3587.95,1.520771],[3588.03,1.393815],[3588.15,0.055747],[3588.16,0.0892],[3588.17,0.139369],[3588.18,0.729884],[3588.19,0.462663],[3588.22,0.457357],[3588.23,1.670841],[3588.27,0.027763],[3588.28,0.429645],[3588.29,0.089348],[3588.3,0.702026],[3588.31,0.25],[3588.32,0.007446]]},"raw":{}}
{"exchange":"okx","instance_id":"B","symbol":"ETH-USD","event_ts":1762205094.906,"seq":0,"depth":{"last_seq":0,"bids":[[3589.55,0.265172],[3589.54,0.105257],[3589.44,0.28148],[3589.39,0.454496],[3589.36,1.099366],[3589.28,4.78288],[3589.27,9.751748],[3589.26,0.865537],[3589.25,1.670841],[3589.24,0.468494],[3589.22,0.016721],[3589.21,0.139286],[3589.2,2.795647],[3589.19,0.002224],[3589.18,2.737404],[3589.15,0.016721],[3589.14,0.98967],[3589.13,8.327738],[3589.12,0.139293],[3589.08,0.415779]],"asks":[[3587.78,6.614608],[3587.79,0.002224],[3587.92,1.312978],[3587.93,0.139381],[3587.94,0.45395],[3587.95,1.520771],[3588.03,1.393815],[3588.15,0.055747],[3588.16,0.0892],[3588.17,0.139369],[3588.18,0.729884],[3588.19,0.462663],[3588.22,0.457357],[3588.23,1.670841],[3588.27,0.027763],[3588.28,0.429645],[3588.29,0.089348],[3588.3,0.702026],[3588.31,0.25],[3588.32,0.007446]]},"raw":{}}
{"exchange":"okx","instance_id":"B","symbol":"ETH-USD","event_ts":1762205095.006,"seq":0,"depth":{"last_seq":0,"bids":[[3589.55,0.265172],[3589.54,0.105257],[3589.44,0.28148],[3589.39,0.454496],[3589.36,1.099366],[3589.28,3.6208],[3589.27,9.751748],[3589.26,0.865537],[3589.25,1.670841],[3589.24,0.468494],[3589.22,0.016721],[3589.21,0.139286],[3589.2,2.795647],[3589.19,0.002224],[3589.18,2.737404],[3589.15,0.016721],[3589.14,0.98967],[3589.13,8.327738],[3589.12,0.139293],[3589.09,0.400688]],"asks":[[3587.78,6.614608],[3587.79,0.002224],[3587.92,1.312978],[3587.93,0.139381],[3587.94,0.45395],[3587.95,1.520771],[3588.03,1.393815],[3588.15,0.055747],[3588.16,0.0892],[3588.17,0.139369],[3588.18,0.729884],[3588.19,0.462663],[3588.22,0.457357],[3588.23,1.670841],[3588.27,0.027763],[3588.28,0.429645],[3588.29,0.089348],[3588.3,0.702026],[3588.31,0.25],[3588.32,0.007446]]},"raw":{}}
{"exchange":"okx","instance_id":"B","symbol":"ETH-USD","event_ts":1762205095.106,"seq":0,"depth":{"last_seq":0,"bids":[[3589.55,0.265172],[3589.54,0.105257],[3589.44,0.28148],[3589.39,0.454496],[3589.36,1.099366],[3589.33,8.1004],[3589.28,3.6208],[3589.27,9.751748],[3589.26,0.865537],[3589.25,1.670841],[3589.24,0.468494],[3589.22,0.016721],[3589.21,0.139286],[3589.2,2.795647],[3589.19,0.002224],[3589.18,2.737404],[3589.15,0.016721],[3589.14,0.98967],[3589.13,8.327738],[3589.12,0.139293]],"asks":[[3587.78,6.614608],[3587.79,0.002224],[3587.92,1.312978],[3587.93,0.139381],[3587.94,0.45395],[3587.95,1.520771],[3588.03,1.393815],[3588.15,0.055747],[3588.16,0.0892],[3588.17,0.139369],[3588.18,0.729884],[3588.19,0.462663],[3588.22,0.457357],[3588.23,1.670841],[3588.27,0.027763],[3588.28,0.429645],[3588.29,0.089348],[3588.3,0.702026],[3588.31,0.25],[3588.32,0.007446]]},"raw":{}}
{"exchange":"okx","instance_id":"B","symbol":"ETH-USD","event_ts":1762205095.206,"seq":0,"depth":{"last_seq":0,"bids":[[3589.55,0.265172],[3589.54,0.105257],[3589.44,0.28148],[3589.39,0.454496],[3589.36,1.099366],[3589.33,8.1004],[3589.28,3.6208],[3589.27,9.751748],[3589.26,0.865537],[3589.25,1.670841],[3589.24,0.468494],[3589.22,0.016721],[3589.21,0.139286],[3589.2,2.795647],[3589.19,0.002224],[3589.18,2.737404],[3589.15,0.016721],[3589.14,0.98967],[3589.13,8.327738],[3589.12,0.139293]],"asks":[[3587.78,6.614608],[3587.79,0.002224],[3587.92,1.312978],[3587.93,0.139381],[3587.94,0.45395],[3587.95,1.520771],[3588.03,1.393815],[3588.15,0.055747],[3588.16,0.0892],[3588.17,0.139369],[3588.18,0.729884],[3588.19,0.462663],[3588.22,0.457357],[3588.23,1.670841],[3588.27,0.027763],[3588.28,0.429645],[3588.29,0.089348],[3588.3,0.702026],[3588.31,0.25],[3588.32,0.007446]]},"raw":{}}
{"exchange":"okx","instance_id":"B","symbol":"ETH-USD","event_ts":1762205095.306,"seq":0,"depth":{"last_seq":0,"bids":[[3589.55,0.265172],[3589.54,0.105257],[3589.44,0.28148],[3589.39,0.454496],[3589.36,1.099366],[3589.33,8.1004],[3589.28,3.6208],[3589.27,9.751748],[3589.26,0.865537],[3589.25,1.670841],[3589.24,0.468494],[3589.22,0.016721],[3589.21,0.139286],[3589.2,2.795647],[3589.19,0.002224],[3589.18,2.737404],[3589.15,0.016721],[3589.14,0.98967],[3589.13,8.327738],[3589.12,0.139293]],"asks":[[3587.78,6.614608],[3587.79,0.002224],[3587.92,1.312978],[3587.93,0.139381],[3587.94,0.45395],[3587.95,1.520771],[3588.03,1.393815],[3588.15,0.055747],[3588.16,0.0892],[3588.17,0.139369],[3588.18,0.729884],[3588.19,0.462663],[3588.22,0.457357],[3588.23,1.670841],[3588.27,0.027763],[3588.28,0.429645],[3588.29,0.089348],[3588.3,0.702026],[3588.31,0.25],[3588.32,0.007446]]},"raw":{}}
{"exchange":"okx","instance_id":"B","symbol":"ETH-USD","event_ts":1762205095.406,"seq":0,"depth":{"last_seq":0,"bids":[[3589.55,0.265172],[3589.54,0.105257],[3589.44,0.28148],[3589.39,0.454496],[3589.36,1.099366],[3589.33,4.4796],[3589.28,3.6208],[3589.27,9.751748],[3589.26,0.865537],[3589.25,1.670841],[3589.24,0.468494],[3589.22,0.016721],[3589.21,0.139286],[3589.2,2.795647],[3589.19,0.002224],[3589.18,2.737404],[3589.15,0.016721],[3589.14,0.98967],[3589.13,8.327738],[3589.12,0.139293]],"asks":[[3587.78,6.614608],[3587.79,0.002224],[3587.92,1.312978],[3587.93,0.139381],[3587.94,0.45395],[3587.95,1.520771],[3588.03,1.393815],[3588.15,0.055747],[3588.16,0.0892],[3588.17,0.139369],[3588.18,0.729884],[3588.19,0.462663],[3588.22,0.457357],[3588.23,1.670841],[3588.27,0.027763],[3588.28,0.429645],[3588.29,0.089348],[3588.3,0.702026],[3588.31,0.25],[3588.32,0.007446]]},"raw":{}}
{"exchange":"okx","instance_id":"B","symbol":"ETH-USD","event_ts":1762205095.606,"seq":0,"depth":{"last_seq":0,"bids":[[3589.55,0.265172],[3589.54,0.105257],[3589.44,0.28148],[3589.39,0.454496],[3589.36,1.099366],[3589.33,4.4796],[3589.28,3.6208],[3589.27,9.751748],[3589.26,0.865537],[3589.25,1.670841],[3589.24,0.468494],[3589.22,0.016721],[3589.21,0.139286],[3589.2,2.795647],[3589.19,0.002224],[3589.18,2.737404],[3589.15,0.016721],[3589.14,0.98967],[3589.13,8.327738],[3589.12,0.139293]],"asks":[[3587.78,6.614608],[3587.79,0.002224],[3587.92,1.312978],[3587.93,0.139381],[3587.94,0.45395],[3587.95,1.520771],[3588.03,1.393815],[3588.15,0.055747],[3588.16,0.0892],[3588.17,0.139369],[3588.18,0.729884],[3588.19,0.462663],[3588.22,0.457357],[3588.23,1.670841],[3588.27,0.027763],[3588.28,0.429645],[3588.29,2.4548],[3588.3,0.702026],[3588.31,0.25],[3588.32,0.007446]]},"raw":{}}
{"exchange":"okx","instance_id":"B","symbol":"ETH-USD","event_ts":1762205095.706,"seq":0,"depth":{"last_seq":0,"bids":[[3589.55,0.265172],[3589.54,0.105257],[3589.44,0.28148],[3589.39,0.454496],[3589.36,1.099366],[3589.33,4.4796],[3589.28,3.6208],[3589.27,9.751748],[3589.26,0.865537],[3589.25,1.670841],[3589.24,0.468494],[3589.22,0.016721],[3589.21,0.139286],[3589.2,2.795647],[3589.19,0.002224],[3589.18,2.737404],[3589.15,0.016721],[3589.14,0.98967],[3589.13,8.327738],[3589.12,0.139293]],"asks":[[3587.78,6.614608],[3587.79,0.002224],[3587.92,1.312978],[3587.93,0.139381],[3587.94,0.45395],[3587.95,1.520771],[3588.03,1.393815],[3588.14,4.850879],[3588.15,0.055747],[3588.16,0.0892],[3588.17,0.139369],[3588.18,0.729884],[3588.19,0.462663],[3588.22,0.457357],[3588.23,1.670841],[3588.27,0.027763],[3588.28,0.429645],[3588.29,2.4548],[3588.3,0.702026],[3588.31,0.25]]},"raw":{}}
{"exchange":"okx","instance_id":"B","symbol":"ETH-USD","event_ts":1762205095.806,"seq":0,"depth":{"last_seq":0,"bids":[[3589.55,0.265172],[3589.54,0.105257],[3589.44,0.28148],[3589.39,0.454496],[3589.36,1.099366],[3589.33,4.4796],[3589.28,3.6208],[3589.27,9.751748],[3589.26,0.865537],[3589.25,1.670841],[3589.24,0.468494],[3589.22,0.016721],[3589.21,0.139286],[3589.2,2.795647],[3589.19,0.002224],[3589.18,2.737404],[3589.15,0.016721],[3589.14,0.98967],[3589.13,8.327738],[3589.12,0.139293]],"asks":[[3587.78,6.614608],[3587.79,0.002224],[3587.92,1.312978],[3587.93,0.139381],[3587.94,0.45395],[3587.95,1.520771],[3588.03,1.393815],[3588.14,4.850879],[3588.15,0.055747],[3588.16,0.0892],[3588.17,0.139369],[3588.18,0.729884],[3588.19,0.462663],[3588.22,0.457357],[3588.23,1.670841],[3588.27,0.027763],[3588.28,0.429645],[3588.29,2.4548],[3588.3,0.702026],[3588.31,0.25]]},"raw":{}}
{"exchange":"okx","instance_id":"B","symbol":"ETH-USD","event_ts":1762205095.906,"seq":0,"depth":{"last_seq":0,"bids":[[3589.55,0.265172],[3589.54,0.105257],[3589.44,0.28148],[3589.39,0.454496],[3589.36,1.099366],[3589.33,4.4796],[3589.28,3.6208],[3589.27,9.751748],[3589.26,0.865537],[3589.25,1.670841],[3589.24,0.468494],[3589.22,0.016721],[3589.21,0.139286],[3589.2,2.795647],[3589.19,0.002224],[3589.18,2.737404],[3589.15,0.016721],[3589.14,0.98967],[3589.13,8.327738],[3589.12,0.139293]],"asks":[[3587.78,6.614608],[3587.79,0.002224],[3587.92,1.312978],[3587.93,0.139381],[3587.94,0.45395],[3587.95,1.520771],[3588.03,1.393815],[3588.14,4.850879],[3588.15,0.055747],[3588.16,0.0892],[3588.17,0.139369],[3588.18,0.729884],[3588.19,0.462663],[3588.22,0.457357],[3588.23,1.670841],[3588.27,0.027763],[3588.28,0.429645],[3588.29,2.4548],[3588.3,0.702026],[3588.31,0.25]]},"raw":{}}
{"exchange":"okx","instance_id":"B","symbol":"ETH-USD","event_ts":1762205096.006,"seq":0,"depth":{"last_seq":0,"bids":[[3589.55,0.265172],[3589.54,0.105257],[3589.44,0.28148],[3589.39,0.454496],[3589.36,1.099366],[3589.33,4.4796],[3589.28,3.6208],[3589.27,9.751748],[3589.26,0.865537],[3589.25,1.670841],[3589.24,0.468494],[3589.22,0.016721],[3589.21,0.139286],[3589.2,2.795647],[3589.19,0.002224],[3589.18,2.737404],[3589.15,0.016721],[3589.14,0.98967],[3589.13,8.327738],[3589.12,0.139293]],"asks":[[3587.78,6.614608],[3587.79,0.002224],[3587.92,1.312978],[3587.93,0.139381],[3587.94,0.45395],[3587.95,1.520771],[3588.03,1.393815],[3588.14,4.850879],[3588.15,0.055747],[3588.16,0.0892],[3588.17,0.139369],[3588.18,0.729884],[3588.19,0.462663],[3588.22,0.457357],[3588.23,1.670841],[3588.27,0.027763],[3588.28,0.429645],[3588.29,2.4548],[3588.3,0.702026],[3588.31,0.25]]},"raw":{}}
{"exchange":"okx","instance_id":"B","symbol":"ETH-USD","event_ts":1762205096.106,"seq":0,"depth":{"last_seq":0,"bids":[[3589.55,0.265172],[3589.54,0.105257],[3589.44,0.28148],[3589.39,0.454496],[3589.36,1.099366],[3589.33,4.4796],[3589.28,3.6208],[3589.27,9.751748],[3589.26,0.865537],[3589.25,1.670841],[3589.24,0.468494],[3589.22,0.016721],[3589.21,0.139286],[3589.2,2.795647],[3589.19,0.002224],[3589.18,2.737404],[3589.15,0.016721],[3589.14,0.98967],[3589.13,8.327738],[3589.12,0.139293]],"asks":[[3587.78,6.614608],[3587.79,0.002224],[3587.92,1.312978],[3587.93,0.139381],[3587.94,0.45395],[3587.95,1.520771],[3588.03,1.393815],[3588.14,4.850879],[3588.15,0.055747],[3588.16,0.0892],[3588.17,0.139369],[3588.18,0.729884],[3588.19,0.462663],[3588.22,0.457357],[3588.23,1.670841],[3588.27,0.027763],[3588.28,0.429645],[3588.29,2.4548],[3588.3,0.702026],[3588.31,0.25]]},"raw":{}}
{"exchange":"okx","instance_id":"B","symbol":"ETH-USD","event_ts":1762205096.206,"seq":0,"depth":{"last_seq":0,"bids":[[3589.55,0.265172],[3589.54,0.105257],[3589.44,0.28148],[3589.39,0.454496],[3589.36,1.099366],[3589.33,4.4796],[3589.28,3.6208],[3589.27,9.751748],[3589.26,0.865537],[3589.25,1.670841],[3589.24,0.468494],[3589.22,0.016721],[3589.21,0.139286],[3589.2,2.795647],[3589.19,0.002224],[3589.18,2.737404],[3589.15,0.016721],[3589.14,0.98967],[3589.13,8.327738],[3589.12,0.139293]],"asks":[[3587.78,6.614608],[3587.79,0.002224],[3587.92,1.312978],[3587.93,0.139381],[3587.94,0.45395],[3587.95,1.520771],[3588.03,1.393815],[3588.14,4.850879],[3588.15,0.055747],[3588.16,0.0892],[3588.17,0.139369],[3588.18,0.729884],[3588.19,0.462663],[3588.22,0.457357],[3588.23,1.670841],[3588.27,0.027763],[3588.28,0.429645],[3588.29,2.4548],[3588.3,0.702026],[3588.31,0.25]]},"raw":{}}
{"exchange":"okx","instance_id":"B","symbol":"ETH-USD","event_ts":1762205096.306,"seq":0,"depth":{"last_seq":0,"bids":[[3589.55,0.265172],[3589.54,0.105257],[3589.44,0.28148],[3589.39,0.454496],[3589.36,1.099366],[3589.33,4.4796],[3589.28,3.6208],[3589.27,9.751748],[3589.26,0.865537],[3589.25,1.670841],[3589.24,0.468494],[3589.22,0.016721],[3589.21,0.139286],[3589.2,2.795647],[3589.19,0.002224],[3589.18,2.737404],[3589.15,0.016721],[3589.14,0.98967],[3589.13,8.327738],[3589.12,0.139293]],"asks":[[3587.78,6.614608],[3587.79,0.002224],[3587.92,1.312978],[3587.93,0.139381],[3587.94,0.45395],[3587.95,1.520771],[3588.03,1.393815],[3588.14,6.892137],[3588.15,0.055747],[3588.16,0.0892],[3588.17,0.396812],[3588.18,1.329352],[3588.19,0.462663],[3588.22,0.457357],[3588.23,1.670841],[3588.27,0.027763],[3588.28,0.429645],[3588.29,2.4548],[3588.3,0.702026],[3588.31,0.25]]},"raw":{}}
{"exchange":"okx","instance_id":"B","symbol":"ETH-USD","event_ts":1762205096.406,"seq":0,"depth":{"last_seq":0,"bids":[[3589.55,0.265172],[3589.54,0.105257],[3589.44,0.28148],[3589.39,0.454496],[3589.36,1.099366],[3589.33,4.4796],[3589.28,3.6208],[3589.27,9.751748],[3589.26,0.865537],[3589.25,1.670841],[3589.24,0.468494],[3589.22,0.016721],[3589.21,0.139286],[3589.2,2.795647],[3589.19,0.002224],[3589.18,2.737404],[3589.15,0.016721],[3589.14,0.98967],[3589.13,8.327738],[3589.12,0.139293]],"asks":[[3587.78,6.614608],[3587.79,0.002224],[3587.92,1.312978],[3587.93,0.139381],[3587.94,0.45395],[3587.95,1.520771],[3588.03,1.393815],[3588.14,7.892137],[3588.15,0.055747],[3588.16,0.0892],[3588.17,0.396812],[3588.18,1.329352],[3588.19,0.462663],[3588.22,0.457357],[3588.23,1.670841],[3588.27,0.027763],[3588.28,0.429645],[3588.29,2.4548],[3588.3,0.702026],[3588.31,0.25]]},"raw":{}}
{"exchange":"okx","instance_id":"B","symbol":"ETH-USD","event_ts":1762205096.506,"seq":0,"depth":{"last_seq":0,"bids":[[3589.55,0.265172],[3589.54,0.105257],[3589.44,0.28148],[3589.39,0.454496],[3589.36,1.099366],[3589.33,4.4796],[3589.28,3.6208],[3589.27,9.751748],[3589.26,0.865537],[3589.25,1.670841],[3589.24,0.468494],[3589.22,0.016721],[3589.21,0.139286],[3589.2,2.795647],[3589.19,0.002224],[3589.18,2.737404],[3589.15,0.016721],[3589.14,0.98967],[3589.13,8.327738],[3589.12,0.139293]],"asks":[[3587.78,6.614608],[3587.79,0.002224],[3587.92,1.312978],[3587.93,12.566926],[3587.94,0.45395],[3587.95,1.374276],[3587.96,4.60394],[3588.03,1.393815],[3588.12,1.587665],[3588.13,1.35],[3588.14,7.892137],[3588.15,0.055747],[3588.16,0.0892],[3588.17,0.396812],[3588.18,1.329352],[3588.19,0.462663],[3588.22,0.457357],[3588.23,1.670841],[3588.27,0.027763],[3588.28,0.429645]]},"raw":{}}
{"exchange":"okx","instance_id":"B","symbol":"ETH-USD","event_ts":1762205096.606,"seq":0,"depth":{"last_seq":0,"bids":[[3589.55,0.265172],[3589.54,0.105257],[3589.44,0.28148],[3589.39,0.454496],[3589.36,1.099366],[3589.33,4.4796],[3589.28,3.6208],[3589.27,9.751748],[3589.26,0.865537],[3589.25,1.670841],[3589.24,0.468494],[3589.22,0.016721],[3589.21,0.139286],[3589.2,2.795647],[3589.19,0.002224],[3589.18,2.737404],[3589.15,0.016721],[3589.14,0.98967],[3589.13,8.327738],[3589.12,0.139293]],"asks":[[3587.78,6.614608],[3587.79,0.002224],[3587.92,1.312978],[3587.93,12.566926],[3587.94,0.45395],[3587.95,1.374276],[3587.96,4.60394],[3588.03,1.393815],[3588.12,1.587665],[3588.13,1.35],[3588.14,7.892137],[3588.15,0.055747],[3588.16,0.0892],[3588.17,0.396812],[3588.18,1.329352],[3588.19,0.462663],[3588.22,0.457357],[3588.23,1.670841],[3588.27,0.027763],[3588.28,4.273999]]},"raw":{}}
{"exchange":"okx","instance_id":"B","symbol":"ETH-USD","event_ts":1762205096.706,"seq":0,"depth":{"last_seq":0,"bids":[[3589.55,0.265172],[3589.54,0.105257],[3589.44,0.28148],[3589.39,0.454496],[3589.36,1.099366],[3589.33,4.4796],[3589.28,3.6208],[3589.27,9.751748],[3589.26,0.865537],[3589.25,1.670841],[3589.24,0.468494],[3589.22,0.016721],[3589.21,0.139286],[3589.2,2.795647],[3589.19,0.002224],[3589.18,2.737404],[3589.15,0.016721],[3589.14,0.98967],[3589.13,8.327738],[3589.12,0.139293]],"asks":[[3587.78,6.614608],[3587.79,0.002224],[3587.92,1.312978],[3587.93,12.566926],[3587.94,0.45395],[3587.95,1.374276],[3587.96,4.60394],[3588.03,1.393815],[3588.12,1.587665],[3588.13,1.35],[3588.14,7.892137],[3588.15,0.055747],[3588.16,0.0892],[3588.17,0.396812],[3588.18,1.329352],[3588.19,4.894136],[3588.22,0.457357],[3588.23,1.670841],[3588.27,0.027763],[3588.28,4.273999]]},"raw":{}}
{"exchange":"okx","instance_id":"B","symbol":"ETH-USD","event_ts":1762205096.806,"seq":0,"depth":{"last_seq":0,"bids":[[3589.55,0.265172],[3589.54,0.105257],[3589.44,0.28148],[3589.39,0.454496],[3589.36,1.099366],[3589.33,4.4796],[3589.28,3.6208],[3589.27,9.751748],[3589.26,0.865537],[3589.25,1.670841],[3589.24,0.468494],[3589.22,0.016721],[3589.21,0.139286],[3589.2,2.795647],[3589.19,0.002224],[3589.18,2.737404],[3589.15,0.016721],[3589.14,0.98967],[3589.13,8.327738],[3589.12,0.139293]],"asks":[[3587.78,6.614608],[3587.79,0.002224],[3587.92,1.312978],[3587.93,12.566926],[3587.94,0.45395],[3587.95,1.374276],[3587.96,4.60394],[3588.03,1.393815],[3588.12,1.587665],[3588.13,1.35],[3588.14,7.892137],[3588.15,0.055747],[3588.16,0.0892],[3588.17,0.396812],[3588.18,1.329352],[3588.19,3.894136],[3588.22,0.457357],[3588.23,1.670841],[3588.27,0.027763],[3588.28,4.273999]]},"raw":{}}
{"exchange":"okx","instance_id":"B","symbol":"ETH-USD","event_ts":1762205096.906,"seq":0,"depth":{"last_seq":0,"bids":[[3589.55,0.265172],[3589.54,0.105257],[3589.44,0.28148],[3589.39,0.454496],[3589.36,1.099366],[3589.33,4.4796],[3589.28,3.6208],[3589.27,9.751748],[3589.26,0.865537],[3589.25,1.670841],[3589.24,0.468494],[3589.22,0.016721],[3589.21,0.139286],[3589.2,2.795647],[3589.19,0.002224],[3589.18,2.737404],[3589.15,0.016721],[3589.14,0.98967],[3589.13,8.327738],[3589.12,0.139293]],"asks":[[3587.78,6.614608],[3587.79,0.002224],[3587.92,1.312978],[3587.93,12.566926],[3587.94,0.45395],[3587.95,1.374276],[3587.96,4.60394],[3588.03,1.393815],[3588.12,1.587665],[3588.13,1.35],[3588.14,7.892137],[3588.15,0.055747],[3588.16,0.0892],[3588.17,0.396812],[3588.18,1.329352],[3588.19,3.894136],[3588.22,0.457357],[3588.23,1.670841],[3588.27,0.027763],[3588.28,7.590584]]},"raw":{}}
{"exchange":"okx","instance_id":"B","symbol":"ETH-USD","event_ts":1762205097.006,"seq":0,"depth":{"last_seq":0,"bids":[[3589.55,0.265172],[3589.54,0.105257],[3589.44,0.28148],[3589.39,0.454496],[3589.36,1.099366],[3589.33,4.4796],[3589.28,3.6208],[3589.27,9.751748],[3589.26,0.865537],[3589.25,1.670841],[3589.24,0.468494],[3589.22,0.016721],[3589.21,0.139286],[3589.2,2.795647],[3589.19,0.002224],[3589.18,2.737404],[3589.15,0.016721],[3589.14,0.98967],[3589.13,8.327738],[3589.12,0.139293]],"asks":[[3587.78,6.614608],[3587.79,0.002224],[3587.92,1.312978],[3587.93,12.566926],[3587.94,0.45395],[3587.95,1.374276],[3587.96,4.60394],[3588.03,1.393815],[3588.08,1.104358],[3588.12,1.587665],[3588.13,1.35],[3588.14,7.892137],[3588.15,0.055747],[3588.16,0.0892],[3588.17,0.396812],[3588.18,1.329352],[3588.19,3.894136],[3588.22,0.457357],[3588.23,1.670841],[3588.26,0.403986]]},"raw":{}}
{"exchange":"okx","instance_id":"B","symbol":"ETH-USD","event_ts":1762205097.106,"seq":0,"depth":{"last_seq":0,"bids":[[3589.55,0.265172],[3589.54,0.105257],[3589.44,0.28148],[3589.39,0.454496],[3589.36,1.099366],[3589.33,4.4796],[3589.28,3.6208],[3589.27,9.751748],[3589.26,0.865537],[3589.25,1.670841],[3589.24,0.468494],[3589.22,0.016721],[3589.21,0.139286],[3589.2,2.795647],[3589.19,0.002224],[3589.18,2.737404],[3589.15,0.016721],[3589.14,0.98967],[3589.13,8.327738],[3589.12,0.139293]],"asks":[[3587.78,6.614608],[3587.79,0.002224],[3587.92,1.312978],[3587.93,12.566926],[3587.94,0.45395],[3587.95,1.374276],[3587.96,4.60394],[3588.03,1.393815],[3588.08,3.400496],[3588.12,1.587665],[3588.13,1.35],[3588.14,7.892137],[3588.15,0.055747],[3588.16,0.0892],[3588.17,0.396812],[3588.18,1.329352],[3588.19,3.894136],[3588.22,0.457357],[3588.23,1.670841],[3588.25,0.027763]]},"raw":{}}
{"exchange":"okx","instance_id":"B","symbol":"ETH-USD","event_ts":1762205097.206,"seq":0,"depth":{"last_seq":0,"bids":[[3589.55,0.265172],[3589.54,0.105257],[3589.44,0.28148],[3589.39,0.454496],[3589.36,1.099366],[3589.33,4.4796],[3589.28,3.6208],[3589.27,9.751748],[3589.26,0.865537],[3589.25,1.670841],[3589.24,0.468494],[3589.22,0.016721],[3589.21,0.139286],[3589.2,2.795647],[3589.19,0.002224],[3589.18,2.737404],[3589.15,0.016721],[3589.14,0.98967],[3589.13,8.327738],[3589.12,0.139293]],"asks":[[3587.78,6.614608],[3587.79,0.002224],[3587.92,1.312978],[3587.93,12.566926],[3587.94,0.45395],[3587.95,1.374276],[3587.96,4.60394],[3588.03,1.393815],[3588.08,3.400496],[3588.12,1.587665],[3588.13,1.35],[3588.14,7.892137],[3588.15,0.055747],[3588.16,0.0892],[3588.17,0.396812],[3588.18,1.329352],[3588.19,3.894136],[3588.22,0.457357],[3588.23,1.670841],[3588.25,0.027763]]},"raw":{}}
{"exchange":"okx","instance_id":"B","symbol":"ETH-USD","event_ts":1762205097.306,"seq":0,"depth":{"last_seq":0,"bids":[[3589.55,0.265172],[3589.54,0.105257],[3589.44,0.28148],[3589.39,0.454496],[3589.36,1.099366],[3589.33,4.4796],[3589.28,3.6208],[3589.27,9.751748],[3589.26,0.865537],[3589.25,1.670841],[3589.24,0.468494],[3589.22,0.016721],[3589.21,0.139286],[3589.2,2.795647],[3589.19,0.002224],[3589.18,2.737404],[3589.15,0.016721],[3589.14,0.98967],[3589.13,8.327738],[3589.12,0.139293]],"asks":[[3587.78,6.614608],[3587.79,0.002224],[3587.92,1.312978],[3587.93,12.566926],[3587.94,0.45395],[3587.95,1.374276],[3587.96,4.60394],[3588.03,1.393815],[3588.08,3.400496],[3588.12,1.587665],[3588.13,1.35],[3588.14,7.892137],[3588.15,0.055747],[3588.16,0.0892],[3588.17,0.396812],[3588.18,1.329352],[3588.19,3.894136],[3588.22,0.457357],[3588.23,1.670841],[3588.25,0.027763]]},"raw":{}}
{"exchange":"okx","instance_id":"B","symbol":"ETH-USD","event_ts":1762205097.406,"seq":0,"depth":{"last_seq":0,"bids":[[3589.55,0.265172],[3589.54,0.105257],[3589.44,0.28148],[3589.39,0.454496],[3589.36,1.099366],[3589.33,4.4796],[3589.28,3.6208],[3589.27,9.751748],[3589.26,0.865537],[3589.25,1.670841],[3589.24,0.468494],[3589.22,0.016721],[3589.21,0.139286],[3589.2,2.795647],[3589.19,0.002224],[3589.18,2.737404],[3589.15,0.016721],[3589.14,0.98967],[3589.13,8.327738],[3589.12,0.139293]],"asks":[[3587.78,6.614608],[3587.79,0.002224],[3587.92,1.312978],[3587.93,12.566926],[3587.94,0.45395],[3587.95,1.374276],[3587.96,4.60394],[3588.03,1.393815],[3588.08,2.186459],[3588.12,1.587665],[3588.13,1.35],[3588.14,7.892137],[3588.15,0.055747],[3588.16,0.0892],[3588.17,0.396812],[3588.18,1.329352],[3588.19,3.894136],[3588.22,0.457357],[3588.23,1.670841],[3588.25,0.027763]]},"raw":{}}
{"exchange":"okx","instance_id":"B","symbol":"ETH-USD","event_ts":1762205097.506,"seq":0,"depth":{"last_seq":0,"bids":[[3589.55,0.265172],[3589.54,0.105257],[3589.44,0.28148],[3589.39,0.454496],[3589.36,1.099366],[3589.33,4.4796],[3589.28,3.6208],[3589.27,9.751748],[3589.26,0.865537],[3589.25,1.670841],[3589.24,0.468494],[3589.22,0.016721],[3589.21,0.139286],[3589.2,2.795647],[3589.19,0.002224],[3589.18,2.737404],[3589.15,0.016721],[3589.14,0.98967],[3589.13,8.327738],[3589.12,0.139293]],"asks":[[3587.78,6.614608],[3587.79,0.002224],[3587.92,1.312978],[3587.93,12.566926],[3587.94,0.45395],[3587.95,1.374276],[3587.96,4.60394],[3588.03,1.393815],[3588.08,2.186459],[3588.12,1.587665],[3588.13,1.35],[3588.14,7.892137],[3588.15,0.055747],[3588.16,0.0892],[3588.17,0.396812],[3588.18,1.329352],[3588.19,3.894136],[3588.22,0.457357],[3588.23,1.670841],[3588.25,0.027763]]},"raw":{}}
{"exchange":"okx","instance_id":"B","symbol":"ETH-USD","event_ts":1762205097.606,"seq":0,"depth":{"last_seq":0,"bids":[[3589.55,0.265172],[3589.54,0.105257],[3589.44,0.28148],[3589.39,0.454496],[3589.36,1.099366],[3589.33,4.4796],[3589.28,3.6208],[3589.27,9.751748],[3589.26,0.865537],[3589.25,1.670841],[3589.24,0.468494],[3589.22,0.016721],[3589.21,0.139286],[3589.2,2.795647],[3589.19,0.002224],[3589.18,2.737404],[3589.15,0.016721],[3589.14,0.98967],[3589.13,8.327738],[3589.12,0.139293]],"asks":[[3587.78,6.614608],[3587.79,0.002224],[3587.92,1.312978],[3587.93,12.566926],[3587.94,0.45395],[3587.95,1.374276],[3587.96,4.60394],[3588.03,1.393815],[3588.08,3.583459],[3588.12,1.587665],[3588.13,1.35],[3588.14,7.892137],[3588.15,0.055747],[3588.16,0.0892],[3588.17,0.396812],[3588.18,1.329352],[3588.19,3.894136],[3588.22,0.457357],[3588.23,1.670841],[3588.25,0.027763]]},"raw":{}}
{"exchange":"okx","instance_id":"B","symbol":"ETH-USD","event_ts":1762205097.806,"seq":0,"depth":{"last_seq":0,"bids":[[3589.55,0.265172],[3589.54,0.105257],[3589.44,0.28148],[3589.39,0.454496],[3589.36,1.099366],[3589.33,4.4796],[3589.28,3.6208],[3589.27,9.751748],[3589.26,0.865537],[3589.25,1.670841],[3589.24,0.468494],[3589.22,0.016721],[3589.21,0.139286],[3589.2,2.795647],[3589.19,0.002224],[3589.18,2.737404],[3589.15,0.016721],[3589.14,0.98967],[3589.13,8.327738],[3589.12,0.139293]],"asks":[[3587.78,6.614608],[3587.79,0.002224],[3587.92,1.312978],[3587.93,12.566926],[3587.94,0.45395],[3587.95,1.374276],[3587.96,4.60394],[3588.03,1.393815],[3588.08,3.352459],[3588.12,1.587665],[3588.13,1.35],[3588.14,7.892137],[3588.15,0.055747],[3588.16,0.0892],[3588.17,0.396812],[3588.18,1.329352],[3588.19,3.894136],[3588.22,0.457357],[3588.23,1.670841],[3588.25,0.027763]]},"raw":{}}
{"exchange":"okx","instance_id":"B","symbol":"ETH-USD","event_ts":1762205097.906,"seq":0,"depth":{"last_seq":0,"bids":[[3589.55,0.265172],[3589.54,0.105257],[3589.44,0.28148],[3589.39,0.454496],[3589.36,1.099366],[3589.33,4.4796],[3589.28,3.6208],[3589.27,9.751748],[3589.26,0.865537],[3589.25,1.670841],[3589.24,0.468494],[3589.22,0.016721],[3589.21,0.139286],[3589.2,2.795647],[3589.19,0.002224],[3589.18,2.737404],[3589.15,0.016721],[3589.14,0.98967],[3589.13,8.327738],[3589.12,0.139293]],"asks":[[3587.78,6.614608],[3587.79,0.002224],[3587.92,1.312978],[3587.93,12.566926],[3587.94,0.45395],[3587.95,1.374276],[3587.96,4.60394],[3588.03,1.393815],[3588.08,3.583459],[3588.12,1.587665],[3588.13,1.35],[3588.14,7.892137],[3588.15,0.055747],[3588.16,0.0892],[3588.17,0.396812],[3588.18,1.329352],[3588.19,3.894136],[3588.22,0.457357],[3588.23,1.670841],[3588.25,0.027763]]},"raw":{}}
{"exchange":"okx","instance_id":"B","symbol":"ETH-USD","event_ts":1762205098.006,"seq":0,"depth":{"last_seq":0,"bids":[[3589.55,0.265172],[3589.54,0.105257],[3589.44,0.28148],[3589.39,0.454496],[3589.36,1.099366],[3589.33,4.4796],[3589.28,3.6208],[3589.27,9.751748],[3589.26,0.865537],[3589.25,1.670841],[3589.24,0.468494],[3589.22,0.016721],[3589.21,0.139286],[3589.2,2.795647],[3589.19,0.002224],[3589.18,2.737404],[3589.15,0.016721],[3589.14,0.98967],[3589.13,8.327738],[3589.12,0.139293]],"asks":[[3587.78,6.614608],[3587.79,0.002224],[3587.92,1.312978],[3587.93,12.566926],[3587.94,0.45395],[3587.95,1.374276],[3587.96,4.60394],[3588.03,1.393815],[3588.08,2.186459],[3588.12,1.587665],[3588.13,1.35],[3588.14,7.892137],[3588.15,0.055747],[3588.16,0.0892],[3588.17,0.396812],[3588.18,1.329352],[3588.19,3.894136],[3588.22,0.457357],[3588.23,1.670841],[3588.25,0.027763]]},"raw":{}}
{"exchange":"okx","instance_id":"B","symbol":"ETH-USD","event_ts":1762205098.106,"seq":0,"depth":{"last_seq":0,"bids":[[3589.55,0.265172],[3589.54,0.105257],[3589.44,0.28148],[3589.39,0.454496],[3589.36,1.099366],[3589.33,4.4796],[3589.28,3.6208],[3589.27,9.751748],[3589.26,0.865537],[3589.25,1.670841],[3589.24,0.468494],[3589.22,0.016721],[3589.21,0.139286],[3589.2,2.795647],[3589.19,0.002224],[3589.18,2.737404],[3589.15,0.016721],[3589.14,0.98967],[3589.13,8.327738],[3589.12,0.139293]],"asks":[[3587.78,6.614608],[3587.79,0.002224],[3587.92,1.312978],[3587.93,12.566926],[3587.94,0.45395],[3587.95,1.374276],[3587.96,4.60394],[3588.03,1.393815],[3588.08,1.329387],[3588.12,1.587665],[3588.13,1.35],[3588.14,7.892137],[3588.15,0.055747],[3588.16,0.0892],[3588.17,0.396812],[3588.18,1.329352],[3588.19,3.894136],[3588.22,0.457357],[3588.23,1.670841],[3588.25,0.027763]]},"raw":{}}
{"exchange":"okx","instance_id":"B","symbol":"ETH-USD","event_ts":1762205098.406,"seq":0,"depth":{"last_seq":0,"bids":[[3589.55,0.265172],[3589.54,0.105257],[3589.44,0.28148],[3589.39,0.454496],[3589.36,1.099366],[3589.33,4.4796],[3589.28,3.6208],[3589.27,9.751748],[3589.26,0.865537],[3589.25,1.670841],[3589.24,0.468494],[3589.22,0.016721],[3589.21,0.139286],[3589.2,2.795647],[3589.19,0.002224],[3589.18,2.737404],[3589.15,0.016721],[3589.14,0.98967],[3589.13,8.327738],[3589.12,0.139293]],"asks":[[3587.78,6.614608],[3587.79,0.002224],[3587.92,1.312978],[3587.93,12.566926],[3587.94,0.45395],[3587.95,1.374276],[3587.96,4.60394],[3588.03,1.393815],[3588.08,2.726387],[3588.12,1.587665],[3588.13,1.35],[3588.14,7.892137],[3588.15,0.055747],[3588.16,0.0892],[3588.17,0.396812],[3588.18,1.329352],[3588.19,3.894136],[3588.22,0.457357],[3588.23,1.670841],[3588.25,0.027763]]},"raw":{}}
{"exchange":"okx","instance_id":"B","symbol":"ETH-USD","event_ts":1762205098.506,"seq":0,"depth":{"last_seq":0,"bids":[[3589.55,0.265172],[3589.54,0.105257],[3589.44,0.28148],[3589.39,0.454496],[3589.36,1.099366],[3589.33,4.4796],[3589.28,3.6208],[3589.27,9.751748],[3589.26,0.865537],[3589.25,1.670841],[3589.24,0.468494],[3589.22,0.016721],[3589.21,0.139286],[3589.2,2.795647],[3589.19,0.002224],[3589.18,2.737404],[3589.15,0.016721],[3589.14,0.98967],[3589.13,8.327738],[3589.12,0.139293]],"asks":[[3587.78,6.614608],[3587.79,0.002224],[3587.92,1.312978],[3587.93,12.566926],[3587.94,0.45395],[3587.95,1.374276],[3587.96,4.60394],[3588.03,1.393815],[3588.08,2.723601],[3588.12,1.587665],[3588.13,1.35],[3588.14,7.892137],[3588.15,0.055747],[3588.16,0.0892],[3588.17,0.396812],[3588.18,1.329352],[3588.19,3.894136],[3588.22,0.457357],[3588.23,1.670841],[3588.25,0.027763]]},"raw":{}}
{"exchange":"okx","instance_id":"B","symbol":"ETH-USD","event_ts":1762205098.606,"seq":0,"depth":{"last_seq":0,"bids":[[3589.55,0.265172],[3589.54,0.105257],[3589.44,0.28148],[3589.39,0.454496],[3589.36,1.099366],[3589.33,4.4796],[3589.28,3.6208],[3589.27,9.751748],[3589.26,0.865537],[3589.25,1.670841],[3589.24,0.468494],[3589.22,0.016721],[3589.21,0.139286],[3589.2,2.795647],[3589.19,0.002224],[3589.18,2.737404],[3589.15,0.016721],[3589.14,0.98967],[3589.13,8.327738],[3589.12,0.139293]],"asks":[[3587.78,6.614608],[3587.79,0.002224],[3587.92,1.312978],[3587.93,12.566926],[3587.94,0.45395],[3587.95,1.374276],[3587.96,4.60394],[3588.03,1.393815],[3588.08,2.492601],[3588.12,1.587665],[3588.13,1.35],[3588.14,7.892137],[3588.15,0.055747],[3588.16,0.0892],[3588.17,0.396812],[3588.18,1.329352],[3588.19,3.894136],[3588.22,0.457357],[3588.23,1.670841],[3588.25,0.027763]]},"raw":{}}
{"exchange":"okx","instance_id":"B","symbol":"ETH-USD","event_ts":1762205098.706,"seq":0,"depth":{"last_seq":0,"bids":[[3589.55,0.265172],[3589.54,0.105257],[3589.44,0.28148],[3589.39,0.454496],[3589.36,1.099366],[3589.33,4.4796],[3589.28,3.6208],[3589.27,9.751748],[3589.26,0.865537],[3589.25,1.670841],[3589.24,0.468494],[3589.22,0.016721],[3589.21,0.139286],[3589.2,2.795647],[3589.19,0.002224],[3589.18,2.737404],[3589.15,0.016721],[3589.14,0.98967],[3589.13,8.327738],[3589.12,0.139293]],"asks":[[3587.78,6.614608],[3587.79,0.002224],[3587.92,1.312978],[3587.93,12.566926],[3587.94,0.45395],[3587.95,1.374276],[3587.96,4.60394],[3588.03,1.393815],[3588.08,2.492601],[3588.12,1.587665],[3588.13,1.35],[3588.14,7.892137],[3588.15,0.055747],[3588.16,0.0892],[3588.17,0.396812],[3588.18,1.329352],[3588.19,3.894136],[3588.22,0.457357],[3588.23,1.670841],[3588.25,0.027763]]},"raw":{}}
{"exchange":"okx","instance_id":"B","symbol":"ETH-USD","event_ts":1762205098.806,"seq":0,"depth":{"last_seq":0,"bids":[[3589.55,0.265172],[3589.54,0.105257],[3589.44,0.28148],[3589.39,0.454496],[3589.36,1.099366],[3589.33,4.4796],[3589.28,3.6208],[3589.27,9.751748],[3589.26,0.865537],[3589.25,1.670841],[3589.24,0.468494],[3589.22,0.016721],[3589.21,0.139286],[3589.2,2.795647],[3589.19,0.002224],[3589.18,2.737404],[3589.15,0.016721],[3589.14,0.98967],[3589.13,8.327738],[3589.12,0.139293]],"asks":[[3587.78,6.614608],[3587.79,0.002224],[3587.92,1.312978],[3587.93,12.566926],[3587.94,0.45395],[3587.95,1.374276],[3587.96,4.60394],[3588.03,1.393815],[3588.08,2.492601],[3588.12,1.587665],[3588.13,1.35],[3588.14,7.892137],[3588.15,0.055747],[3588.16,0.0892],[3588.17,0.396812],[3588.18,1.329352],[3588.19,3.894136],[3588.22,0.457357],[3588.23,1.670841],[3588.25,0.027763]]},"raw":{}}
{"exchange":"okx","instance_id":"B","symbol":"ETH-USD","event_ts":1762205098.906,"seq":0,"depth":{"last_seq":0,"bids":[[3589.55,0.265172],[3589.54,0.105257],[3589.44,0.28148],[3589.39,0.454496],[3589.36,1.099366],[3589.33,4.4796],[3589.28,3.6208],[3589.27,9.751748],[3589.26,0.865537],[3589.25,1.670841],[3589.24,0.468494],[3589.22,0.016721],[3589.21,0.139286],[3589.2,2.795647],[3589.19,0.002224],[3589.18,2.737404],[3589.15,0.016721],[3589.14,0.98967],[3589.13,8.327738],[3589.12,0.139293]],"asks":[[3587.78,6.614608],[3587.79,0.002224],[3587.92,1.312978],[3587.93,12.566926],[3587.94,0.45395],[3587.95,1.374276],[3587.96,4.60394],[3588.03,1.393815],[3588.08,2.492601],[3588.12,1.587665],[3588.13,1.35],[3588.14,7.892137],[3588.15,0.055747],[3588.16,0.0892],[3588.17,0.396812],[3588.18,1.329352],[3588.19,3.894136],[3588.22,0.457357],[3588.23,1.670841],[3588.25,0.027763]]},"raw":{}}
{"exchange":"okx","instance_id":"B","symbol":"ETH-USD","event_ts":1762205099.006,"seq":0,"depth":{"last_seq":0,"bids":[[3589.55,0.265172],[3589.54,0.105257],[3589.44,0.28148],[3589.39,0.454496],[3589.36,1.099366],[3589.33,4.4796],[3589.28,3.6208],[3589.27,9.751748],[3589.26,0.865537],[3589.25,1.670841],[3589.24,0.468494],[3589.22,0.016721],[3589.21,0.139286],[3589.2,2.795647],[3589.19,0.002224],[3589.18,2.737404],[3589.15,0.016721],[3589.14,0.98967],[3589.13,8.327738],[3589.12,0.139293]],"asks":[[3587.78,6.614608],[3587.79,0.002224],[3587.92,1.312978],[3587.93,12.566926],[3587.94,0.45395],[3587.95,1.374276],[3587.96,4.60394],[3588.03,1.393815],[3588.08,2.492601],[3588.12,1.587665],[3588.13,1.35],[3588.14,7.892137],[3588.15,0.055747],[3588.16,0.0892],[3588.17,0.396812],[3588.18,1.329352],[3588.19,3.894136],[3588.22,0.457357],[3588.23,1.670841],[3588.25,0.027763]]},"raw":{}}
{"exchange":"okx","instance_id":"B","symbol":"ETH-USD","event_ts":1762205099.106,"seq":0,"depth":{"last_seq":0,"bids":[[3589.55,0.265172],[3589.54,0.105257],[3589.44,0.28148],[3589.39,0.454496],[3589.36,1.099366],[3589.33,4.4796],[3589.28,3.6208],[3589.27,9.751748],[3589.26,0.865537],[3589.25,1.670841],[3589.24,0.468494],[3589.22,0.016721],[3589.21,0.139286],[3589.2,2.795647],[3589.19,0.002224],[3589.18,2.737404],[3589.15,0.016721],[3589.14,0.98967],[3589.13,8.327738],[3589.12,0.139293]],"asks":[[3587.78,6.614608],[3587.79,0.002224],[3587.92,1.312978],[3587.93,12.566926],[3587.94,0.45395],[3587.95,1.374276],[3587.96,4.60394],[3588.03,1.393815],[3588.08,2.492601],[3588.12,1.587665],[3588.13,1.35],[3588.14,7.892137],[3588.15,0.055747],[3588.16,0.0892],[3588.17,0.396812],[3588.18,1.329352],[3588.19,3.894136],[3588.22,0.457357],[3588.23,1.670841],[3588.25,0.027763]]},"raw":{}}
