{"exchange":"okx","instance_id":"A","symbol":"SOL-USD","event_ts":1762205084.703,"seq":0,"depth":{"last_seq":0,"bids":[[164.81,52.429549],[164.8,73.566671],[164.79,60.739202],[164.78,104.140345],[164.77,118.66088]],"asks":[[164.82,46.891571],[164.83,91.159921],[164.84,67.320341],[164.85,168.562431],[164.86,157.768013]]},"raw":{}}
{"exchange":"okx","instance_id":"A","symbol":"SOL-USD","event_ts":1762205084.803,"seq":0,"depth":{"last_seq":0,"bids":[[164.81,13.37],[164.8,77.928058],[164.79,60.739252],[164.78,104.140345],[164.77,118.66088]],"asks":[[164.82,87.475732],[164.83,79.341491],[164.84,67.320341],[164.85,168.562431],[164.86,157.768013]]},"raw":{}}
{"exchange":"okx","instance_id":"A","symbol":"SOL-USD","event_ts":1762205084.903,"seq":0,"depth":{"last_seq":0,"bids":[[164.81,36.05],[164.8,77.928058],[164.79,60.73919],[164.78,104.140345],[164.77,118.66088]],"asks":[[164.82,87.475732],[164.83,79.341491],[164.84,67.320341],[164.85,168.562431],[164.86,157.768013]]},"raw":{}}
{"exchange":"okx","instance_id":"A","symbol":"SOL-USD","event_ts":1762205085.203,"seq":0,"depth":{"last_seq":0,"bids":[[164.81,36.2235],[164.8,77.928058],[164.79,60.73919],[164.78,104.140345],[164.77,118.66088]],"asks":[[164.82,30.990328],[164.83,79.341491],[164.84,67.320341],[164.85,168.562431],[164.86,157.768013]]},"raw":{}}
{"exchange":"okx","instance_id":"A","symbol":"SOL-USD","event_ts":1762205085.303,"seq":0,"depth":{"last_seq":0,"bids":[[164.81,61.2235],[164.8,77.928058],[164.79,60.73919],[164.78,104.140345],[164.77,118.66088]],"asks":[[164.82,30.990328],[164.83,79.341491],[164.84,67.320341],[164.85,168.562431],[164.86,157.768013]]},"raw":{}}
{"exchange":"okx","instance_id":"A","symbol":"SOL-USD","event_ts":1762205085.503,"seq":0,"depth":{"last_seq":0,"bids":[[164.81,61.2235],[164.8,77.928058],[164.79,60.73919],[164.78,104.140345],[164.77,118.66088]],"asks":[[164.82,58.710328],[164.83,79.341491],[164.84,67.320341],[164.85,168.562431],[164.86,157.768013]]},"raw":{}}
{"exchange":"okx","instance_id":"A","symbol":"SOL-USD","event_ts":1762205085.603,"seq":0,"depth":{"last_seq":0,"bids":[[164.81,13.37],[164.8,77.960342],[164.79,60.706904],[164.78,104.140345],[164.77,118.66088]],"asks":[[164.82,58.710328],[164.83,115.046895],[164.84,67.320341],[164.85,168.562431],[164.86,157.768013]]},"raw":{}}
{"exchange":"okx","instance_id":"A","symbol":"SOL-USD","event_ts":1762205085.703,"seq":0,"depth":{"last_seq":0,"bids":[[164.81,36.05],[164.8,77.928058],[164.79,60.739189],[164.78,104.140345],[164.77,118.66088]],"asks":[[164.82,58.710328],[164.83,115.046895],[164.84,67.320341],[164.85,176.765431],[164.86,157.768013]]},"raw":{}}
{"exchange":"okx","instance_id":"A","symbol":"SOL-USD","event_ts":1762205085.803,"seq":0,"depth":{"last_seq":0,"bids":[[164.81,36.05],[164.8,77.928058],[164.79,60.739189],[164.78,104.140345],[164.77,118.66088]],"asks":[[164.82,30.990328],[164.83,115.046895],[164.84,67.320341],[164.85,176.765431],[164.86,157.768013]]},"raw":{}}
{"exchange":"okx","instance_id":"A","symbol":"SOL-USD","event_ts":1762205085.903,"seq":0,"depth":{"last_seq":0,"bids":[[164.81,61.2235],[164.8,77.928058],[164.79,60.739189],[164.78,104.140345],[164.77,118.66088]],"asks":[[164.82,30.990328],[164.83,115.046895],[164.84,67.320341],[164.85,176.765431],[164.86,157.768013]]},"raw":{}}
{"exchange":"okx","instance_id":"A","symbol":"SOL-USD","event_ts":1762205086.103,"seq":0,"depth":{"last_seq":0,"bids":[[164.81,61.2235],[164.8,77.928058],[164.79,60.739189],[164.78,104.140345],[164.77,118.66088]],"asks":[[164.82,30.816828],[164.83,115.046895],[164.84,67.320341],[164.85,176.765431],[164.86,157.768013]]},"raw":{}}
{"exchange":"okx","instance_id":"A","symbol":"SOL-USD","event_ts":1762205086.303,"seq":0,"depth":{"last_seq":0,"bids":[[164.81,62.710009],[164.8,103.713462],[164.79,60.739189],[164.78,102.653843],[164.77,118.66088]],"asks":[[164.82,30.816828],[164.83,79.341491],[164.84,67.320341],[164.85,176.765431],[164.86,157.768013]]},"raw":{}}
{"exchange":"okx","instance_id":"A","symbol":"SOL-USD","event_ts":1762205086.603,"seq":0,"depth":{"last_seq":0,"bids":[[164.81,62.710009],[164.8,56.713148],[164.79,60.705404],[164.78,102.653843],[164.77,118.66088],[164.76,46.264949]],"asks":[[164.81,120.516713],[164.82,103.11504],[164.83,131.606642],[164.84,103.025745],[164.85,176.765431],[164.86,157.768013]]},"raw":{}}
{"exchange":"okx","instance_id":"A","symbol":"SOL-USD","event_ts":1762205086.703,"seq":0,"depth":{"last_seq":0,"bids":[[164.81,62.710009],[164.8,70.083148],[164.79,73.247603],[164.78,102.653843],[164.77,118.66088],[164.76,46.264949]],"asks":[[164.81,131.336194],[164.82,103.11504],[164.83,131.606642],[164.84,103.025745],[164.85,176.766632],[164.86,157.768013]]},"raw":{}}
{"exchange":"okx","instance_id":"A","symbol":"SOL-USD","event_ts":1762205086.803,"seq":0,"depth":{"last_seq":0,"bids":[[164.81,62.710009],[164.8,70.256648],[164.79,73.247603],[164.78,102.653843],[164.77,118.66088],[164.76,46.264949]],"asks":[[164.81,69.143864],[164.82,98.121966],[164.83,131.606642],[164.84,103.025745],[164.85,176.766632],[164.86,157.768013]]},"raw":{}}
{"exchange":"okx","instance_id":"A","symbol":"SOL-USD","event_ts":1762205086.903,"seq":0,"depth":{"last_seq":0,"bids":[[164.81,62.710009],[164.8,70.256648],[164.79,73.247603],[164.78,102.653843],[164.77,118.66088],[164.76,46.264949]],"asks":[[164.81,69.143864],[164.82,98.121966],[164.83,131.606642],[164.84,103.025745],[164.85,168.563632],[164.86,157.768013]]},"raw":{}}
{"exchange":"okx","instance_id":"A","symbol":"SOL-USD","event_ts":1762205087.003,"seq":0,"depth":{"last_seq":0,"bids":[[164.81,62.710009],[164.8,70.256648],[164.79,73.247603],[164.78,102.653843],[164.77,118.66088],[164.76,47.75165]],"asks":[[164.81,69.143864],[164.82,98.121966],[164.83,131.606642],[164.84,103.025745],[164.85,168.563632],[164.86,157.768013]]},"raw":{}}
{"exchange":"okx","instance_id":"A","symbol":"SOL-USD","event_ts":1762205087.103,"seq":0,"depth":{"last_seq":0,"bids":[[164.81,62.710009],[164.8,70.256648],[164.79,73.247603],[164.78,102.653843],[164.77,118.66088],[164.76,47.75165]],"asks":[[164.81,69.143864],[164.82,98.127547],[164.83,131.606642],[164.84,103.025745],[164.85,168.563632],[164.86,157.768013]]},"raw":{}}
{"exchange":"okx","instance_id":"A","symbol":"SOL-USD","event_ts":1762205087.203,"seq":0,"depth":{"last_seq":0,"bids":[[164.81,62.710009],[164.8,82.766093],[164.79,60.737688],[164.78,102.653843],[164.77,118.66088],[164.76,90.741481]],"asks":[[164.81,9.843673],[164.82,30.875404],[164.83,88.926238],[164.84,103.025745],[164.85,168.563632],[164.86,157.768013]]},"raw":{}}
{"exchange":"okx","instance_id":"A","symbol":"SOL-USD","event_ts":1762205087.303,"seq":0,"depth":{"last_seq":0,"bids":[[164.81,62.710009],[164.8,82.798375],[164.79,72.840199],[164.78,102.350409],[164.77,106.525362],[164.76,101.720702]],"asks":[[164.81,9.843673],[164.82,0.048419],[164.83,36.217099],[164.84,37.577019],[164.85,110.783212],[164.86,156.049671]]},"raw":{}}
{"exchange":"okx","instance_id":"A","symbol":"SOL-USD","event_ts":1762205087.403,"seq":0,"depth":{"last_seq":0,"bids":[[164.82,100.620937],[164.81,104.545404],[164.8,63.655863],[164.79,72.873983],[164.78,115.164739],[164.77,106.525362],[164.76,101.720702]],"asks":[[164.81,9.843673],[164.82,0.048419],[164.83,36.217099],[164.84,40.128189],[164.85,85.793722],[164.86,156.04847],[164.87,222.329685]]},"raw":{}}
{"exchange":"okx","instance_id":"A","symbol":"SOL-USD","event_ts":1762205087.503,"seq":0,"depth":{"last_seq":0,"bids":[[164.82,59.074571],[164.81,104.545404],[164.8,63.655863],[164.79,72.873983],[164.78,115.164739],[164.77,106.525362],[164.76,101.720702]],"asks":[[164.81,9.843673],[164.82,0.048419],[164.83,49.760599],[164.84,40.128189],[164.85,85.793722],[164.86,156.04847],[164.87,222.329685]]},"raw":{}}
{"exchange":"okx","instance_id":"A","symbol":"SOL-USD","event_ts":1762205087.603,"seq":0,"depth":{"last_seq":0,"bids":[[164.82,46.360863],[164.81,89.365957],[164.8,63.655863],[164.79,72.873983],[164.78,115.164739],[164.77,106.525362],[164.76,101.720702]],"asks":[[164.81,9.843673],[164.82,0.048419],[164.83,88.298768],[164.84,29.3104],[164.85,85.793722],[164.86,156.04847],[164.87,222.329685]]},"raw":{}}
{"exchange":"okx","instance_id":"A","symbol":"SOL-USD","event_ts":1762205087.703,"seq":0,"depth":{"last_seq":0,"bids":[[164.82,46.360863],[164.81,89.365957],[164.8,63.704286],[164.79,74.3284],[164.78,115.164739],[164.77,106.525362],[164.76,101.720702]],"asks":[[164.81,9.843673],[164.82,0.048419],[164.83,79.435493],[164.84,29.3104],[164.85,85.793722],[164.86,161.13847],[164.87,222.329685]]},"raw":{}}
{"exchange":"okx","instance_id":"A","symbol":"SOL-USD","event_ts":1762205087.803,"seq":0,"depth":{"last_seq":0,"bids":[[164.82,46.534363],[164.81,89.365957],[164.8,63.704286],[164.79,74.3284],[164.78,115.164739],[164.77,106.525362],[164.76,101.720702]],"asks":[[164.81,9.843673],[164.82,0.048419],[164.83,79.435493],[164.84,29.3104],[164.85,85.793722],[164.86,161.13847],[164.87,222.329685]]},"raw":{}}
{"exchange":"okx","instance_id":"A","symbol":"SOL-USD","event_ts":1762205087.903,"seq":0,"depth":{"last_seq":0,"bids":[[164.86,70.879767],[164.85,87.210404],[164.84,111.786267],[164.83,136.726811],[164.82,113.950896],[164.81,89.365957],[164.8,63.704286],[164.79,74.3284],[164.78,115.164739],[164.77,106.525362],[164.76,101.720702]],"asks":[[164.81,9.843673],[164.82,0.048419],[164.83,79.435493],[164.84,29.3104],[164.85,85.793722],[164.86,161.13847],[164.87,38.071201],[164.88,63.778453],[164.89,88.081645],[164.9,91.294887],[164.91,147.056533]]},"raw":{}}
{"exchange":"okx","instance_id":"A","symbol":"SOL-USD","event_ts":1762205088.003,"seq":0,"depth":{"last_seq":0,"bids":[[164.86,111.237864],[164.85,87.210404],[164.84,114.355467],[164.83,136.726811],[164.82,113.950896],[164.81,89.365957],[164.8,63.704286],[164.79,74.3284],[164.78,115.164739],[164.77,106.525362],[164.76,101.720702]],"asks":[[164.81,9.843673],[164.82,0.048419],[164.83,79.435493],[164.84,29.3104],[164.85,85.793722],[164.86,161.13847],[164.87,35.794703],[164.88,30.0015],[164.89,24.615571],[164.9,93.572947],[164.91,112.042893]]},"raw":{}}
{"exchange":"okx","instance_id":"A","symbol":"SOL-USD","event_ts":1762205088.103,"seq":0,"depth":{"last_seq":0,"bids":[[164.89,176.957719],[164.88,113.760467],[164.87,53.475404],[164.86,84.056267],[164.85,124.574924],[164.84,114.355467],[164.83,136.726811],[164.82,113.950896],[164.81,89.365957],[164.8,63.704286],[164.79,74.3284],[164.78,115.164739],[164.77,106.525362],[164.76,101.720702]],"asks":[[164.81,9.843673],[164.82,0.048419],[164.83,79.435493],[164.84,29.3104],[164.85,85.793722],[164.86,161.13847],[164.87,35.794703],[164.88,30.0015],[164.89,24.615571],[164.9,0.294508],[164.91,0.001201],[164.92,11.09301],[164.93,33.943539],[164.94,119.333109]]},"raw":{}}
{"exchange":"okx","instance_id":"A","symbol":"SOL-USD","event_ts":1762205088.203,"seq":0,"depth":{"last_seq":0,"bids":[[164.89,131.252057],[164.88,111.191267],[164.87,81.756022],[164.86,96.869047],[164.85,144.672131],[164.84,114.355467],[164.83,136.726811],[164.82,113.950896],[164.81,89.365957],[164.8,63.704286],[164.79,74.3284],[164.78,115.164739],[164.77,106.525362],[164.76,101.720702]],"asks":[[164.81,9.843673],[164.82,0.048419],[164.83,79.435493],[164.84,29.3104],[164.85,85.793722],[164.86,161.13847],[164.87,35.794703],[164.88,30.0015],[164.89,24.615571],[164.9,0.464508],[164.91,0.013356],[164.92,18.639575],[164.93,33.943539],[164.94,107.203418]]},"raw":{}}
{"exchange":"okx","instance_id":"A","symbol":"SOL-USD","event_ts":1762205088.303,"seq":0,"depth":{"last_seq":0,"bids":[[164.89,131.387359],[164.88,111.191267],[164.87,81.756022],[164.86,96.869047],[164.85,146.201445],[164.84,114.355467],[164.83,136.726811],[164.82,113.950896],[164.81,89.365957],[164.8,63.704286],[164.79,74.3284],[164.78,115.164739],[164.77,106.525362],[164.76,101.720702]],"asks":[[164.81,9.843673],[164.82,0.048419],[164.83,79.435493],[164.84,29.3104],[164.85,85.793722],[164.86,161.13847],[164.87,35.794703],[164.88,30.0015],[164.89,24.615571],[164.9,0.464508],[164.91,0.013356],[164.92,9.780511],[164.93,33.943539],[164.94,107.203418]]},"raw":{}}
{"exchange":"okx","instance_id":"A","symbol":"SOL-USD","event_ts":1762205088.403,"seq":0,"depth":{"last_seq":0,"bids":[[164.89,131.387359],[164.88,111.191267],[164.87,81.756022],[164.86,96.869047],[164.85,146.201445],[164.84,114.355467],[164.83,136.726811],[164.82,113.950896],[164.81,89.365957],[164.8,63.704286],[164.79,74.3284],[164.78,115.164739],[164.77,106.525362],[164.76,101.720702]],"asks":[[164.81,9.843673],[164.82,0.048419],[164.83,79.435493],[164.84,29.3104],[164.85,85.793722],[164.86,161.13847],[164.87,35.794703],[164.88,30.0015],[164.89,24.615571],[164.9,0.294508],[164.91,0.013356],[164.92,9.780511],[164.93,46.641453],[164.94,113.058418]]},"raw":{}}
{"exchange":"okx","instance_id":"A","symbol":"SOL-USD","event_ts":1762205088.503,"seq":0,"depth":{"last_seq":0,"bids":[[164.89,136.850679],[164.88,111.191267],[164.87,93.88379],[164.86,96.869047],[164.85,146.201445],[164.84,114.355467],[164.83,136.726811],[164.82,113.950896],[164.81,89.365957],[164.8,63.704286],[164.79,74.3284],[164.78,115.164739],[164.77,106.525362],[164.76,101.720702]],"asks":[[164.81,9.843673],[164.82,0.048419],[164.83,79.435493],[164.84,29.3104],[164.85,85.793722],[164.86,161.13847],[164.87,35.794703],[164.88,30.0015],[164.89,24.615571],[164.9,0.294508],[164.91,0.013356],[164.92,2.279267],[164.93,33.943539],[164.94,100.251078]]},"raw":{}}
{"exchange":"okx","instance_id":"A","symbol":"SOL-USD","event_ts":1762205088.603,"seq":0,"depth":{"last_seq":0,"bids":[[164.89,136.850679],[164.88,111.191267],[164.87,93.88379],[164.86,96.869047],[164.85,146.201445],[164.84,114.355467],[164.83,136.726811],[164.82,113.950896],[164.81,89.365957],[164.8,63.704286],[164.79,74.3284],[164.78,115.164739],[164.77,106.525362],[164.76,101.720702]],"asks":[[164.81,9.843673],[164.82,0.048419],[164.83,79.435493],[164.84,29.3104],[164.85,85.793722],[164.86,161.13847],[164.87,35.794703],[164.88,30.0015],[164.89,24.615571],[164.9,0.294508],[164.91,0.013356],[164.92,2.279267],[164.93,46.641463],[164.94,103.385376]]},"raw":{}}
{"exchange":"okx","instance_id":"A","symbol":"SOL-USD","event_ts":1762205088.903,"seq":0,"depth":{"last_seq":0,"bids":[[164.89,136.850679],[164.88,111.191267],[164.87,93.88379],[164.86,96.869047],[164.85,146.201445],[164.84,114.355467],[164.83,136.726811],[164.82,113.950896],[164.81,89.365957],[164.8,63.704286],[164.79,74.3284],[164.78,115.164739],[164.77,106.525362],[164.76,101.720702]],"asks":[[164.81,9.843673],[164.82,0.048419],[164.83,79.435493],[164.84,29.3104],[164.85,85.793722],[164.86,161.13847],[164.87,35.794703],[164.88,30.0015],[164.89,24.615571],[164.9,0.294508],[164.91,0.013356],[164.92,2.279267],[164.93,33.943539],[164.94,103.385376]]},"raw":{}}
{"exchange":"okx","instance_id":"A","symbol":"SOL-USD","event_ts":1762205089.003,"seq":0,"depth":{"last_seq":0,"bids":[[164.89,138.33738],[164.88,111.191267],[164.87,93.88379],[164.86,96.869047],[164.85,162.027628],[164.84,114.355467],[164.83,136.726811],[164.82,113.950896],[164.81,89.365957],[164.8,63.704286],[164.79,74.3284],[164.78,115.164739],[164.77,106.525362],[164.76,101.720702]],"asks":[[164.81,9.843673],[164.82,0.048419],[164.83,79.435493],[164.84,29.3104],[164.85,85.793722],[164.86,161.13847],[164.87,35.794703],[164.88,30.0015],[164.89,24.615571],[164.9,0.294508],[164.91,0.013356],[164.92,14.977711],[164.93,33.943539],[164.94,103.385376]]},"raw":{}}
{"exchange":"okx","instance_id":"A","symbol":"SOL-USD","event_ts":1762205089.103,"seq":0,"depth":{"last_seq":0,"bids":[[164.89,97.812623],[164.88,76.496267],[164.87,100.85879],[164.86,96.869047],[164.85,146.201445],[164.84,114.355467],[164.83,136.726811],[164.82,113.950896],[164.81,89.365957],[164.8,63.704286],[164.79,74.3284],[164.78,115.164739],[164.77,106.525362],[164.76,101.720702]],"asks":[[164.81,9.843673],[164.82,0.048419],[164.83,79.435493],[164.84,29.3104],[164.85,85.793722],[164.86,161.13847],[164.87,35.794703],[164.88,30.0015],[164.89,24.615571],[164.9,31.403645],[164.91,12.699125],[164.92,2.292619],[164.93,33.943539],[164.94,109.5935]]},"raw":{}}
{"exchange":"okx","instance_id":"A","symbol":"SOL-USD","event_ts":1762205089.203,"seq":0,"depth":{"last_seq":0,"bids":[[164.89,96.325922],[164.88,76.496267],[164.87,100.85879],[164.86,96.869047],[164.85,146.201445],[164.84,114.355467],[164.83,136.726811],[164.82,113.950896],[164.81,89.365957],[164.8,63.704286],[164.79,74.3284],[164.78,115.164739],[164.77,106.525362],[164.76,101.720702]],"asks":[[164.81,9.843673],[164.82,0.048419],[164.83,79.435493],[164.84,29.3104],[164.85,85.793722],[164.86,161.13847],[164.87,35.794703],[164.88,30.0015],[164.89,24.615571],[164.9,0.477864],[164.91,12.699125],[164.92,2.279267],[164.93,33.943539],[164.94,103.386577]]},"raw":{}}
{"exchange":"okx","instance_id":"A","symbol":"SOL-USD","event_ts":1762205089.303,"seq":0,"depth":{"last_seq":0,"bids":[[164.89,96.325922],[164.88,76.496267],[164.87,100.85879],[164.86,96.869047],[164.85,146.201445],[164.84,114.355467],[164.83,136.726811],[164.82,113.950896],[164.81,89.365957],[164.8,63.704286],[164.79,74.3284],[164.78,115.164739],[164.77,106.525362],[164.76,101.720702]],"asks":[[164.81,9.843673],[164.82,0.048419],[164.83,79.435493],[164.84,29.3104],[164.85,85.793722],[164.86,161.13847],[164.87,35.794703],[164.88,30.0015],[164.89,24.615571],[164.9,0.477864],[164.91,12.699125],[164.92,2.279267],[164.93,33.943539],[164.94,103.385376]]},"raw":{}}
{"exchange":"okx","instance_id":"A","symbol":"SOL-USD","event_ts":1762205089.503,"seq":0,"depth":{"last_seq":0,"bids":[[164.89,0.183698],[164.88,27.896214],[164.87,68.88379],[164.86,109.676733],[164.85,146.201445],[164.84,114.355467],[164.83,136.726811],[164.82,113.950896],[164.81,89.365957],[164.8,63.704286],[164.79,74.3284],[164.78,115.164739],[164.77,106.525362],[164.76,101.720702]],"asks":[[164.81,9.843673],[164.82,0.048419],[164.83,79.435493],[164.84,29.3104],[164.85,85.793722],[164.86,161.13847],[164.87,35.794703],[164.88,30.0015],[164.89,24.615571],[164.9,109.227515],[164.91,8.827099],[164.92,35.179267],[164.93,58.943539],[164.94,110.16123]]},"raw":{}}
{"exchange":"okx","instance_id":"A","symbol":"SOL-USD","event_ts":1762205089.603,"seq":0,"depth":{"last_seq":0,"bids":[[164.89,0.135302],[164.88,0.346214],[164.87,0.049902],[164.86,71.863953],[164.85,126.430968],[164.84,114.355467],[164.83,136.726811],[164.82,113.950896],[164.81,89.365957],[164.8,63.704286],[164.79,74.3284],[164.78,115.164739],[164.77,106.525362],[164.76,101.720702]],"asks":[[164.81,9.843673],[164.82,0.048419],[164.83,79.435493],[164.84,29.3104],[164.85,85.793722],[164.86,161.13847],[164.87,35.794703],[164.88,30.0015],[164.89,24.615571],[164.9,109.283722],[164.91,33.827099],[164.92,49.45633],[164.93,58.943539],[164.94,110.162431]]},"raw":{}}
{"exchange":"okx","instance_id":"A","symbol":"SOL-USD","event_ts":1762205089.703,"seq":0,"depth":{"last_seq":0,"bids":[[164.89,0.135302],[164.88,0.346214],[164.87,0.049902],[164.86,71.863953],[164.85,124.901654],[164.84,114.355467],[164.83,136.726811],[164.82,113.950896],[164.81,89.365957],[164.8,63.704286],[164.79,74.3284],[164.78,115.164739],[164.77,106.525362],[164.76,101.720702]],"asks":[[164.81,9.843673],[164.82,0.048419],[164.83,79.435493],[164.84,29.3104],[164.85,85.793722],[164.86,161.13847],[164.87,35.794703],[164.88,30.0015],[164.89,24.615571],[164.9,109.283722],[164.91,33.827099],[164.92,49.45633],[164.93,58.943539],[164.94,110.162431]]},"raw":{}}
{"exchange":"okx","instance_id":"A","symbol":"SOL-USD","event_ts":1762205089.803,"seq":0,"depth":{"last_seq":0,"bids":[[164.89,0.135302],[164.88,0.394614],[164.87,12.808641],[164.86,59.056267],[164.85,124.901654],[164.84,114.355467],[164.83,136.726811],[164.82,113.950896],[164.81,89.365957],[164.8,63.704286],[164.79,74.3284],[164.78,115.164739],[164.77,106.525362],[164.76,101.720702]],"asks":[[164.81,9.843673],[164.82,0.048419],[164.83,79.435493],[164.84,29.3104],[164.85,85.793722],[164.86,161.13847],[164.87,35.794703],[164.88,30.0015],[164.89,24.615571],[164.9,109.283722],[164.91,33.827099],[164.92,58.584577],[164.93,90.849149],[164.94,122.292291]]},"raw":{}}
{"exchange":"okx","instance_id":"A","symbol":"SOL-USD","event_ts":1762205090.103,"seq":0,"depth":{"last_seq":0,"bids":[[164.89,48.225545],[164.88,0.346214],[164.87,7.024902],[164.86,71.863607],[164.85,124.901654],[164.84,114.355467],[164.83,136.726811],[164.82,113.950896],[164.81,89.365957],[164.8,63.704286],[164.79,74.3284],[164.78,115.164739],[164.77,106.525362],[164.76,101.720702]],"asks":[[164.81,9.843673],[164.82,0.048419],[164.83,79.435493],[164.84,29.3104],[164.85,85.793722],[164.86,161.13847],[164.87,35.794703],[164.88,30.0015],[164.89,24.615571],[164.9,19.832964],[164.91,8.827158],[164.92,33.584577],[164.93,90.849149],[164.94,156.062554]]},"raw":{}}
{"exchange":"okx","instance_id":"A","symbol":"SOL-USD","event_ts":1762205090.203,"seq":0,"depth":{"last_seq":0,"bids":[[164.9,69.8835],[164.89,70.955334],[164.88,25.346214],[164.87,32.024902],[164.86,96.863607],[164.85,124.901654],[164.84,114.355467],[164.83,136.726811],[164.82,113.950896],[164.81,89.365957],[164.8,63.704286],[164.79,74.3284],[164.78,115.164739],[164.77,106.525362],[164.76,101.720702]],"asks":[[164.81,9.843673],[164.82,0.048419],[164.83,79.435493],[164.84,29.3104],[164.85,85.793722],[164.86,161.13847],[164.87,35.794703],[164.88,30.0015],[164.89,24.615571],[164.9,19.832964],[164.91,13.383406],[164.92,26.566327],[164.93,33.943539],[164.94,150.207554],[164.95,138.254955]]},"raw":{}}
{"exchange":"okx","instance_id":"A","symbol":"SOL-USD","event_ts":1762205090.303,"seq":0,"depth":{"last_seq":0,"bids":[[164.9,81.156104],[164.89,59.682045],[164.88,25.346214],[164.87,32.024902],[164.86,96.863607],[164.85,124.901654],[164.84,114.355467],[164.83,136.726811],[164.82,113.950896],[164.81,89.365957],[164.8,63.704286],[164.79,74.3284],[164.78,115.164739],[164.77,106.525362],[164.76,101.720702]],"asks":[[164.81,9.843673],[164.82,0.048419],[164.83,79.435493],[164.84,29.3104],[164.85,85.793722],[164.86,161.13847],[164.87,35.794703],[164.88,30.0015],[164.89,24.615571],[164.9,19.832964],[164.91,0.013406],[164.92,24.540587],[164.93,44.866574],[164.94,113.076493],[164.95,113.256156]]},"raw":{}}
{"exchange":"okx","instance_id":"A","symbol":"SOL-USD","event_ts":1762205090.403,"seq":0,"depth":{"last_seq":0,"bids":[[164.91,35.720243],[164.9,63.822242],[164.89,66.658545],[164.88,25.346214],[164.87,73.11136],[164.86,96.863607],[164.85,124.901654],[164.84,114.355467],[164.83,136.726811],[164.82,113.950896],[164.81,89.365957],[164.8,63.704286],[164.79,74.3284],[164.78,115.164739],[164.77,106.525362],[164.76,101.720702]],"asks":[[164.81,9.843673],[164.82,0.048419],[164.83,79.435493],[164.84,29.3104],[164.85,85.793722],[164.86,161.13847],[164.87,35.794703],[164.88,30.0015],[164.89,24.615571],[164.9,19.832964],[164.91,0.013406],[164.92,71.959013],[164.93,35.218187],[164.94,113.076493],[164.95,105.970528],[164.96,94.352392]]},"raw":{}}
{"exchange":"okx","instance_id":"A","symbol":"SOL-USD","event_ts":1762205090.503,"seq":0,"depth":{"last_seq":0,"bids":[[164.91,35.720243],[164.9,63.822242],[164.89,84.325043],[164.88,25.346214],[164.87,73.11136],[164.86,102.988607],[164.85,114.272431],[164.84,114.355467],[164.83,136.726811],[164.82,113.950896],[164.81,89.365957],[164.8,63.704286],[164.79,74.3284],[164.78,115.164739],[164.77,106.525362],[164.76,101.720702]],"asks":[[164.81,9.843673],[164.82,0.048419],[164.83,79.435493],[164.84,29.3104],[164.85,85.793722],[164.86,161.13847],[164.87,35.794703],[164.88,30.0015],[164.89,24.615571],[164.9,33.04904],[164.91,67.18109],[164.92,73.978455],[164.93,49.295152],[164.94,138.076493],[164.95,105.970528],[164.96,94.352392]]},"raw":{}}
{"exchange":"okx","instance_id":"A","symbol":"SOL-USD","event_ts":1762205090.603,"seq":0,"depth":{"last_seq":0,"bids":[[164.91,35.720243],[164.9,63.822242],[164.89,85.984277],[164.88,25.346214],[164.87,73.11136],[164.86,102.988607],[164.85,114.272431],[164.84,114.355467],[164.83,136.726811],[164.82,113.950896],[164.81,89.365957],[164.8,63.704286],[164.79,74.3284],[164.78,115.164739],[164.77,106.525362],[164.76,101.720702]],"asks":[[164.81,9.843673],[164.82,0.048419],[164.83,79.435493],[164.84,29.3104],[164.85,85.793722],[164.86,161.13847],[164.87,35.794703],[164.88,30.0015],[164.89,24.615571],[164.9,33.04904],[164.91,30.69827],[164.92,69.078455],[164.93,49.295152],[164.94,138.077694],[164.95,105.970528],[164.96,94.352392]]},"raw":{}}
{"exchange":"okx","instance_id":"A","symbol":"SOL-USD","event_ts":1762205090.703,"seq":0,"depth":{"last_seq":0,"bids":[[164.91,35.720243],[164.9,63.822242],[164.89,85.984277],[164.88,25.394614],[164.87,73.062958],[164.86,102.988607],[164.85,114.272431],[164.84,114.355467],[164.83,136.726811],[164.82,113.950896],[164.81,89.365957],[164.8,63.704286],[164.79,74.3284],[164.78,115.164739],[164.77,106.525362],[164.76,101.720702]],"asks":[[164.81,9.843673],[164.82,0.048419],[164.83,79.435493],[164.84,29.3104],[164.85,85.793722],[164.86,161.13847],[164.87,35.794703],[164.88,30.0015],[164.89,24.615571],[164.9,33.059485],[164.91,30.69827],[164.92,69.078455],[164.93,49.295152],[164.94,138.077694],[164.95,105.970528],[164.96,94.352392]]},"raw":{}}
{"exchange":"okx","instance_id":"A","symbol":"SOL-USD","event_ts":1762205090.903,"seq":0,"depth":{"last_seq":0,"bids":[[164.91,35.720243],[164.9,63.822242],[164.89,25.308802],[164.88,25.394614],[164.87,73.062958],[164.86,104.474384],[164.85,114.272431],[164.84,114.355467],[164.83,136.726811],[164.82,113.950896],[164.81,89.365957],[164.8,63.704286],[164.79,74.3284],[164.78,115.164739],[164.77,106.525362],[164.76,101.720702]],"asks":[[164.81,9.843673],[164.82,0.048419],[164.83,79.435493],[164.84,29.3104],[164.85,85.793722],[164.86,161.13847],[164.87,35.794703],[164.88,30.0015],[164.89,24.615571],[164.9,108.96872],[164.91,30.69827],[164.92,69.078455],[164.93,49.295152],[164.94,138.077694],[164.95,105.970528],[164.96,94.352392]]},"raw":{}}
{"exchange":"okx","instance_id":"A","symbol":"SOL-USD","event_ts":1762205091.003,"seq":0,"depth":{"last_seq":0,"bids":[[164.91,35.720243],[164.9,63.822242],[164.89,13.505302],[164.88,0.394614],[164.87,28.280618],[164.86,98.349384],[164.85,124.901778],[164.84,114.355467],[164.83,136.726811],[164.82,113.950896],[164.81,89.365957],[164.8,63.704286],[164.79,74.3284],[164.78,115.164739],[164.77,106.525362],[164.76,101.720702]],"asks":[[164.81,9.843673],[164.82,0.048419],[164.83,79.435493],[164.84,29.3104],[164.85,85.793722],[164.86,161.13847],[164.87,35.794703],[164.88,30.0015],[164.89,24.615571],[164.9,127.078622],[164.91,19.784679],[164.92,69.078455],[164.93,49.295152],[164.94,138.077694],[164.95,105.970528],[164.96,94.352392]]},"raw":{}}
{"exchange":"okx","instance_id":"A","symbol":"SOL-USD","event_ts":1762205091.103,"seq":0,"depth":{"last_seq":0,"bids":[[164.91,35.720243],[164.9,63.822242],[164.89,0.135302],[164.88,0.394614],[164.87,39.554843],[164.86,85.542044],[164.85,124.901778],[164.84,114.355467],[164.83,136.726811],[164.82,113.950896],[164.81,89.365957],[164.8,63.704286],[164.79,74.3284],[164.78,115.164739],[164.77,106.525362],[164.76,101.720702]],"asks":[[164.81,9.843673],[164.82,0.048419],[164.83,79.435493],[164.84,29.3104],[164.85,85.793722],[164.86,161.13847],[164.87,35.794703],[164.88,30.0015],[164.89,24.615571],[164.9,127.078622],[164.91,19.784679],[164.92,69.078455],[164.93,49.295152],[164.94,150.207469],[164.95,105.970528],[164.96,94.352392]]},"raw":{}}
{"exchange":"okx","instance_id":"A","symbol":"SOL-USD","event_ts":1762205091.203,"seq":0,"depth":{"last_seq":0,"bids":[[164.91,35.720243],[164.9,63.822242],[164.89,0.135302],[164.88,0.394614],[164.87,11.275725],[164.86,85.542044],[164.85,124.901778],[164.84,114.355467],[164.83,136.726811],[164.82,113.950896],[164.81,89.365957],[164.8,63.704286],[164.79,74.3284],[164.78,115.164739],[164.77,106.525362],[164.76,101.720702]],"asks":[[164.81,9.843673],[164.82,0.048419],[164.83,79.435493],[164.84,29.3104],[164.85,85.793722],[164.86,161.13847],[164.87,35.794703],[164.88,30.0015],[164.89,24.615571],[164.9,127.078622],[164.91,19.784679],[164.92,69.078455],[164.93,49.295152],[164.94,150.207469],[164.95,105.970528],[164.96,94.352392]]},"raw":{}}
{"exchange":"okx","instance_id":"A","symbol":"SOL-USD","event_ts":1762205091.503,"seq":0,"depth":{"last_seq":0,"bids":[[164.91,35.720243],[164.9,63.822242],[164.89,27.685302],[164.88,0.394614],[164.87,11.275725],[164.86,98.349384],[164.85,124.901778],[164.84,114.355467],[164.83,136.726811],[164.82,113.950896],[164.81,89.365957],[164.8,63.704286],[164.79,74.3284],[164.78,115.164739],[164.77,106.525362],[164.76,101.720702]],"asks":[[164.81,9.843673],[164.82,0.048419],[164.83,79.435493],[164.84,29.3104],[164.85,85.793722],[164.86,161.13847],[164.87,35.794703],[164.88,30.0015],[164.89,24.615571],[164.9,127.078622],[164.91,19.784679],[164.92,69.078455],[164.93,49.295152],[164.94,150.207469],[164.95,105.970528],[164.96,94.352392]]},"raw":{}}
{"exchange":"okx","instance_id":"A","symbol":"SOL-USD","event_ts":1762205091.603,"seq":0,"depth":{"last_seq":0,"bids":[[164.91,35.720243],[164.9,63.822242],[164.89,27.685302],[164.88,0.394614],[164.87,18.250725],[164.86,98.349384],[164.85,124.901778],[164.84,114.355467],[164.83,136.726811],[164.82,113.950896],[164.81,89.365957],[164.8,63.704286],[164.79,74.3284],[164.78,115.164739],[164.77,106.525362],[164.76,101.720702]],"asks":[[164.81,9.843673],[164.82,0.048419],[164.83,79.435493],[164.84,29.3104],[164.85,85.793722],[164.86,161.13847],[164.87,35.794703],[164.88,30.0015],[164.89,24.615571],[164.9,127.52443],[164.91,19.784679],[164.92,69.078455],[164.93,49.295152],[164.94,150.207469],[164.95,105.970528],[164.96,94.352392]]},"raw":{}}
{"exchange":"okx","instance_id":"A","symbol":"SOL-USD","event_ts":1762205091.703,"seq":0,"depth":{"last_seq":0,"bids":[[164.91,35.720243],[164.9,63.822242],[164.89,0.135302],[164.88,0.394614],[164.87,11.275725],[164.86,98.349384],[164.85,124.901778],[164.84,114.355467],[164.83,136.726811],[164.82,113.950896],[164.81,89.365957],[164.8,63.704286],[164.79,74.3284],[164.78,115.164739],[164.77,106.525362],[164.76,101.720702]],"asks":[[164.81,9.843673],[164.82,0.048419],[164.83,79.435493],[164.84,29.3104],[164.85,85.793722],[164.86,161.13847],[164.87,35.794703],[164.88,30.0015],[164.89,24.615571],[164.9,127.52443],[164.91,19.784679],[164.92,69.078455],[164.93,49.295152],[164.94,150.207469],[164.95,105.970528],[164.96,94.352392]]},"raw":{}}
{"exchange":"okx","instance_id":"A","symbol":"SOL-USD","event_ts":1762205091.803,"seq":0,"depth":{"last_seq":0,"bids":[[164.91,35.720243],[164.9,63.822242],[164.89,22.785302],[164.88,0.394614],[164.87,11.275725],[164.86,98.349384],[164.85,124.901778],[164.84,114.355467],[164.83,136.726811],[164.82,113.950896],[164.81,89.365957],[164.8,63.704286],[164.79,74.3284],[164.78,115.164739],[164.77,106.525362],[164.76,101.720702]],"asks":[[164.81,9.843673],[164.82,0.048419],[164.83,79.435493],[164.84,29.3104],[164.85,85.793722],[164.86,161.13847],[164.87,35.794703],[164.88,30.0015],[164.89,24.615571],[164.9,127.52443],[164.91,19.784679],[164.92,69.078455],[164.93,49.295152],[164.94,150.207469],[164.95,105.970528],[164.96,94.352392]]},"raw":{}}
{"exchange":"okx","instance_id":"A","symbol":"SOL-USD","event_ts":1762205091.903,"seq":0,"depth":{"last_seq":0,"bids":[[164.91,35.720243],[164.9,63.822242],[164.89,102.658415],[164.88,25.346214],[164.87,32.024902],[164.86,98.349384],[164.85,124.901778],[164.84,114.355467],[164.83,136.726811],[164.82,113.950896],[164.81,89.365957],[164.8,63.704286],[164.79,74.3284],[164.78,115.164739],[164.77,106.525362],[164.76,101.720702]],"asks":[[164.81,9.843673],[164.82,0.048419],[164.83,79.435493],[164.84,29.3104],[164.85,85.793722],[164.86,161.13847],[164.87,35.794703],[164.88,30.0015],[164.89,24.615571],[164.9,30.092604],[164.91,11.924847],[164.92,69.078455],[164.93,49.740958],[164.94,150.207469],[164.95,105.970528],[164.96,94.352392]]},"raw":{}}
{"exchange":"okx","instance_id":"A","symbol":"SOL-USD","event_ts":1762205092.003,"seq":0,"depth":{"last_seq":0,"bids":[[164.91,42.0935],[164.9,65.728172],[164.89,84.934523],[164.88,25.346214],[164.87,44.832242],[164.86,98.349384],[164.85,124.901778],[164.84,114.355467],[164.83,136.726811],[164.82,113.950896],[164.81,89.365957],[164.8,63.704286],[164.79,74.3284],[164.78,115.164739],[164.77,106.525362],[164.76,101.720702]],"asks":[[164.81,9.843673],[164.82,0.048419],[164.83,79.435493],[164.84,29.3104],[164.85,85.793722],[164.86,161.13847],[164.87,35.794703],[164.88,30.0015],[164.89,24.615571],[164.9,30.092604],[164.91,11.924847],[164.92,42.655922],[164.93,24.295152],[164.94,113.077694],[164.95,138.254955],[164.96,114.011709]]},"raw":{}}
{"exchange":"okx","instance_id":"A","symbol":"SOL-USD","event_ts":1762205092.103,"seq":0,"depth":{"last_seq":0,"bids":[[164.91,42.0935],[164.9,65.728172],[164.89,84.934523],[164.88,25.346214],[164.87,56.960518],[164.86,98.349384],[164.85,124.901778],[164.84,114.355467],[164.83,136.726811],[164.82,113.950896],[164.81,89.365957],[164.8,63.704286],[164.79,74.3284],[164.78,115.164739],[164.77,106.525362],[164.76,101.720702]],"asks":[[164.81,9.843673],[164.82,0.048419],[164.83,79.435493],[164.84,29.3104],[164.85,85.793722],[164.86,161.13847],[164.87,35.794703],[164.88,30.0015],[164.89,24.615571],[164.9,30.092604],[164.91,11.924847],[164.92,42.655922],[164.93,24.295152],[164.94,113.076493],[164.95,168.254955],[164.96,114.01291]]},"raw":{}}
{"exchange":"okx","instance_id":"A","symbol":"SOL-USD","event_ts":1762205092.203,"seq":0,"depth":{"last_seq":0,"bids":[[164.91,42.0935],[164.9,53.557989],[164.89,89.116103],[164.88,25.346214],[164.87,56.960518],[164.86,98.349384],[164.85,124.901778],[164.84,114.355467],[164.83,136.726811],[164.82,113.950896],[164.81,89.365957],[164.8,63.704286],[164.79,74.3284],[164.78,115.164739],[164.77,106.525362],[164.76,101.720702]],"asks":[[164.81,9.843673],[164.82,0.048419],[164.83,79.435493],[164.84,29.3104],[164.85,85.793722],[164.86,161.13847],[164.87,35.794703],[164.88,30.0015],[164.89,24.615571],[164.9,30.092604],[164.91,59.03954],[164.92,91.738911],[164.93,24.295152],[164.94,113.076493],[164.95,168.254955],[164.96,114.01291]]},"raw":{}}
{"exchange":"okx","instance_id":"A","symbol":"SOL-USD","event_ts":1762205092.303,"seq":0,"depth":{"last_seq":0,"bids":[[164.91,42.0935],[164.9,53.557989],[164.89,36.293382],[164.88,25.394614],[164.87,56.912116],[164.86,98.349384],[164.85,119.695351],[164.84,114.355467],[164.83,136.726811],[164.82,113.950896],[164.81,89.365957],[164.8,63.704286],[164.79,74.3284],[164.78,115.164739],[164.77,106.525362],[164.76,101.720702]],"asks":[[164.81,9.843673],[164.82,0.048419],[164.83,79.435493],[164.84,29.3104],[164.85,85.793722],[164.86,161.13847],[164.87,35.794703],[164.88,30.0015],[164.89,24.615571],[164.9,4.816059],[164.91,60.462687],[164.92,80.633513],[164.93,24.295152],[164.94,113.076493],[164.95,168.254955],[164.96,114.01291]]},"raw":{}}
{"exchange":"okx","instance_id":"A","symbol":"SOL-USD","event_ts":1762205092.403,"seq":0,"depth":{"last_seq":0,"bids":[[164.91,42.0935],[164.9,53.557989],[164.89,0.135302],[164.88,0.346214],[164.87,0.049902],[164.86,71.700596],[164.85,112.772431],[164.84,114.355467],[164.83,136.726811],[164.82,113.950896],[164.81,89.365957],[164.8,63.704286],[164.79,74.3284],[164.78,115.164739],[164.77,106.525362],[164.76,101.720702]],"asks":[[164.81,9.843673],[164.82,0.048419],[164.83,79.435493],[164.84,29.3104],[164.85,85.793722],[164.86,161.13847],[164.87,35.794703],[164.88,30.0015],[164.89,24.615571],[164.9,186.222021],[164.91,105.215703],[164.92,105.633513],[164.93,49.303285],[164.94,125.205953],[164.95,168.254955],[164.96,114.01291]]},"raw":{}}
{"exchange":"okx","instance_id":"A","symbol":"SOL-USD","event_ts":1762205092.503,"seq":0,"depth":{"last_seq":0,"bids":[[164.91,42.0935],[164.9,53.557989],[164.89,0.135302],[164.88,0.346214],[164.87,0.049902],[164.86,71.700596],[164.85,112.772431],[164.84,114.355467],[164.83,136.726811],[164.82,113.950896],[164.81,89.365957],[164.8,63.704286],[164.79,74.3284],[164.78,115.164739],[164.77,106.525362],[164.76,101.720702]],"asks":[[164.81,9.843673],[164.82,0.048419],[164.83,79.435493],[164.84,29.3104],[164.85,85.793722],[164.86,161.13847],[164.87,35.794703],[164.88,30.0015],[164.89,24.615571],[164.9,186.230172],[164.91,105.215703],[164.92,113.098888],[164.93,49.295152],[164.94,125.207154],[164.95,168.254955],[164.96,114.01291]]},"raw":{}}
{"exchange":"okx","instance_id":"A","symbol":"SOL-USD","event_ts":1762205092.703,"seq":0,"depth":{"last_seq":0,"bids":[[164.91,42.0935],[164.9,53.557989],[164.89,0.135302],[164.88,0.394614],[164.87,11.159713],[164.86,60.542044],[164.85,112.772431],[164.84,114.355467],[164.83,136.726811],[164.82,113.950896],[164.81,89.365957],[164.8,63.704286],[164.79,74.3284],[164.78,115.164739],[164.77,106.525362],[164.76,101.720702]],"asks":[[164.81,9.843673],[164.82,0.048419],[164.83,79.435493],[164.84,29.3104],[164.85,85.793722],[164.86,161.13847],[164.87,35.794703],[164.88,30.0015],[164.89,24.615571],[164.9,186.230172],[164.91,105.215703],[164.92,113.098888],[164.93,49.295152],[164.94,125.207154],[164.95,168.254955],[164.96,114.01291]]},"raw":{}}
{"exchange":"okx","instance_id":"A","symbol":"SOL-USD","event_ts":1762205092.903,"seq":0,"depth":{"last_seq":0,"bids":[[164.91,42.0935],[164.9,53.557989],[164.89,22.785302],[164.88,0.394614],[164.87,11.159713],[164.86,73.349384],[164.85,112.772431],[164.84,114.355467],[164.83,136.726811],[164.82,113.950896],[164.81,89.365957],[164.8,63.704286],[164.79,74.3284],[164.78,115.164739],[164.77,106.525362],[164.76,101.720702]],"asks":[[164.81,9.843673],[164.82,0.048419],[164.83,79.435493],[164.84,29.3104],[164.85,85.793722],[164.86,161.13847],[164.87,35.794703],[164.88,30.0015],[164.89,24.615571],[164.9,186.229115],[164.91,105.215703],[164.92,121.673786],[164.93,81.227342],[164.94,125.207154],[164.95,168.254955],[164.96,114.01291]]},"raw":{}}
{"exchange":"okx","instance_id":"A","symbol":"SOL-USD","event_ts":1762205093.003,"seq":0,"depth":{"last_seq":0,"bids":[[164.91,42.0935],[164.9,53.557989],[164.89,0.135302],[164.88,0.394614],[164.87,11.159713],[164.86,60.542044],[164.85,112.772431],[164.84,114.355467],[164.83,136.726811],[164.82,113.950896],[164.81,89.365957],[164.8,63.704286],[164.79,74.3284],[164.78,115.164739],[164.77,106.525362],[164.76,101.720702]],"asks":[[164.81,9.843673],[164.82,0.048419],[164.83,79.435493],[164.84,29.3104],[164.85,85.793722],[164.86,161.13847],[164.87,35.794703],[164.88,30.0015],[164.89,24.615571],[164.9,186.229115],[164.91,105.215703],[164.92,121.673786],[164.93,81.227342],[164.94,125.207154],[164.95,168.254955],[164.96,114.01291]]},"raw":{}}
{"exchange":"okx","instance_id":"A","symbol":"SOL-USD","event_ts":1762205093.203,"seq":0,"depth":{"last_seq":0,"bids":[[164.91,42.0935],[164.9,53.557989],[164.89,0.135302],[164.88,0.394614],[164.87,11.159713],[164.86,60.542044],[164.85,112.772431],[164.84,114.355467],[164.83,136.726811],[164.82,113.950896],[164.81,89.365957],[164.8,63.704286],[164.79,74.3284],[164.78,115.164739],[164.77,106.525362],[164.76,101.720702]],"asks":[[164.81,9.843673],[164.82,0.048419],[164.83,79.435493],[164.84,29.3104],[164.85,85.793722],[164.86,161.13847],[164.87,35.794703],[164.88,30.0015],[164.89,24.615571],[164.9,186.67492],[164.91,105.215703],[164.92,121.673786],[164.93,81.227342],[164.94,125.207154],[164.95,168.254955],[164.96,114.01291]]},"raw":{}}
{"exchange":"okx","instance_id":"A","symbol":"SOL-USD","event_ts":1762205093.303,"seq":0,"depth":{"last_seq":0,"bids":[[164.91,42.0935],[164.9,53.557989],[164.89,0.135302],[164.88,0.394614],[164.87,11.159713],[164.86,60.542044],[164.85,105.488004],[164.84,114.355467],[164.83,136.726811],[164.82,113.950896],[164.81,89.365957],[164.8,63.704286],[164.79,74.3284],[164.78,115.164739],[164.77,106.525362],[164.76,101.720702]],"asks":[[164.81,9.843673],[164.82,0.048419],[164.83,79.435493],[164.84,29.3104],[164.85,85.793722],[164.86,161.13847],[164.87,35.794703],[164.88,30.0015],[164.89,24.615571],[164.9,186.67492],[164.91,105.215703],[164.92,121.673786],[164.93,81.227342],[164.94,125.207154],[164.95,168.254955],[164.96,114.01291]]},"raw":{}}
{"exchange":"okx","instance_id":"A","symbol":"SOL-USD","event_ts":1762205093.603,"seq":0,"depth":{"last_seq":0,"bids":[[164.91,42.0935],[164.9,53.557989],[164.89,0.183698],[164.88,11.503667],[164.87,0.0015],[164.86,59.056267],[164.85,105.488004],[164.84,114.355467],[164.83,136.726811],[164.82,113.950896],[164.81,89.365957],[164.8,63.704286],[164.79,74.3284],[164.78,115.164739],[164.77,106.525362],[164.76,101.720702]],"asks":[[164.81,9.843673],[164.82,0.048419],[164.83,79.435493],[164.84,29.3104],[164.85,85.793722],[164.86,161.13847],[164.87,35.794703],[164.88,30.0015],[164.89,24.615571],[164.9,161.67492],[164.91,105.215703],[164.92,121.673786],[164.93,81.227342],[164.94,125.207154],[164.95,168.254955],[164.96,114.01291]]},"raw":{}}
{"exchange":"okx","instance_id":"A","symbol":"SOL-USD","event_ts":1762205093.703,"seq":0,"depth":{"last_seq":0,"bids":[[164.91,42.0935],[164.9,53.557989],[164.89,0.135302],[164.88,0.394614],[164.87,11.159357],[164.86,59.056267],[164.85,105.488004],[164.84,114.355467],[164.83,136.726811],[164.82,113.950896],[164.81,89.365957],[164.8,63.704286],[164.79,74.3284],[164.78,115.164739],[164.77,106.525362],[164.76,101.720702]],"asks":[[164.81,9.843673],[164.82,0.048419],[164.83,79.435493],[164.84,29.3104],[164.85,85.793722],[164.86,161.13847],[164.87,35.794703],[164.88,30.0015],[164.89,24.615571],[164.9,186.67492],[164.91,105.215703],[164.92,121.673786],[164.93,81.227342],[164.94,150.207154],[164.95,168.254955],[164.96,114.01291]]},"raw":{}}
{"exchange":"okx","instance_id":"A","symbol":"SOL-USD","event_ts":1762205093.903,"seq":0,"depth":{"last_seq":0,"bids":[[164.91,42.0935],[164.9,53.557989],[164.89,41.055302],[164.88,11.503664],[164.87,7.024902],[164.86,71.863607],[164.85,105.488004],[164.84,114.355467],[164.83,136.726811],[164.82,113.950896],[164.81,89.365957],[164.8,63.704286],[164.79,74.3284],[164.78,115.164739],[164.77,106.525362],[164.76,101.720702]],"asks":[[164.81,9.843673],[164.82,0.048419],[164.83,79.435493],[164.84,29.3104],[164.85,85.793722],[164.86,161.13847],[164.87,35.794703],[164.88,30.0015],[164.89,24.615571],[164.9,161.67492],[164.91,105.215703],[164.92,121.673786],[164.93,81.227342],[164.94,150.207154],[164.95,168.254955],[164.96,114.01291]]},"raw":{}}
{"exchange":"okx","instance_id":"A","symbol":"SOL-USD","event_ts":1762205094.003,"seq":0,"depth":{"last_seq":0,"bids":[[164.91,42.0935],[164.9,53.557989],[164.89,41.055302],[164.88,11.503664],[164.87,7.024902],[164.86,71.863607],[164.85,105.488004],[164.84,114.355467],[164.83,136.726811],[164.82,113.950896],[164.81,89.365957],[164.8,63.704286],[164.79,74.3284],[164.78,115.164739],[164.77,106.525362],[164.76,101.720702]],"asks":[[164.81,9.843673],[164.82,0.048419],[164.83,79.435493],[164.84,29.3104],[164.85,85.793722],[164.86,161.13847],[164.87,35.794703],[164.88,30.0015],[164.89,24.615571],[164.9,137.751126],[164.91,105.215703],[164.92,121.673786],[164.93,81.673161],[164.94,150.207154],[164.95,168.254955],[164.96,114.01291]]},"raw":{}}
{"exchange":"okx","instance_id":"A","symbol":"SOL-USD","event_ts":1762205094.103,"seq":0,"depth":{"last_seq":0,"bids":[[164.91,42.0935],[164.9,53.557989],[164.89,46.086791],[164.88,11.503664],[164.87,7.024902],[164.86,71.863607],[164.85,105.488004],[164.84,114.355467],[164.83,136.726811],[164.82,113.950896],[164.81,89.365957],[164.8,63.704286],[164.79,74.3284],[164.78,115.164739],[164.77,106.525362],[164.76,101.720702]],"asks":[[164.81,9.843673],[164.82,0.048419],[164.83,79.435493],[164.84,29.3104],[164.85,85.793722],[164.86,161.13847],[164.87,35.794703],[164.88,30.0015],[164.89,24.615571],[164.9,102.961426],[164.91,80.215703],[164.92,121.673786],[164.93,81.673161],[164.94,150.207154],[164.95,168.254955],[164.96,114.01291]]},"raw":{}}
{"exchange":"okx","instance_id":"A","symbol":"SOL-USD","event_ts":1762205094.303,"seq":0,"depth":{"last_seq":0,"bids":[[164.91,42.0935],[164.9,53.557989],[164.89,46.086791],[164.88,11.503664],[164.87,7.024902],[164.86,73.349644],[164.85,105.488004],[164.84,114.355467],[164.83,136.726811],[164.82,113.950896],[164.81,89.365957],[164.8,63.704286],[164.79,74.3284],[164.78,115.164739],[164.77,106.525362],[164.76,101.720702]],"asks":[[164.81,9.843673],[164.82,0.048419],[164.83,79.435493],[164.84,29.3104],[164.85,85.793722],[164.86,161.13847],[164.87,35.794703],[164.88,30.0015],[164.89,24.615571],[164.9,102.961426],[164.91,80.215703],[164.92,121.673786],[164.93,81.673161],[164.94,150.207154],[164.95,168.254955],[164.96,114.01291]]},"raw":{}}
{"exchange":"okx","instance_id":"A","symbol":"SOL-USD","event_ts":1762205094.403,"seq":0,"depth":{"last_seq":0,"bids":[[164.91,42.0935],[164.9,53.557989],[164.89,45.913291],[164.88,11.503664],[164.87,7.024902],[164.86,73.349644],[164.85,105.488004],[164.84,114.355467],[164.83,136.726811],[164.82,113.950896],[164.81,89.365957],[164.8,63.704286],[164.79,74.3284],[164.78,115.164739],[164.77,106.525362],[164.76,101.720702]],"asks":[[164.81,9.843673],[164.82,0.048419],[164.83,79.435493],[164.84,29.3104],[164.85,85.793722],[164.86,161.13847],[164.87,35.794703],[164.88,30.0015],[164.89,24.615571],[164.9,103.134926],[164.91,80.215703],[164.92,121.673786],[164.93,81.673161],[164.94,150.207154],[164.95,168.254955],[164.96,114.01291]]},"raw":{}}
{"exchange":"okx","instance_id":"A","symbol":"SOL-USD","event_ts":1762205094.503,"seq":0,"depth":{"last_seq":0,"bids":[[164.91,42.0935],[164.9,53.557989],[164.89,41.055302],[164.88,11.503664],[164.87,7.024902],[164.86,73.349644],[164.85,105.488004],[164.84,114.355467],[164.83,136.726811],[164.82,113.950896],[164.81,89.365957],[164.8,63.704286],[164.79,74.3284],[164.78,115.164739],[164.77,106.525362],[164.76,101.720702]],"asks":[[164.81,9.843673],[164.82,0.048419],[164.83,79.435493],[164.84,29.3104],[164.85,85.793722],[164.86,161.13847],[164.87,35.794703],[164.88,30.0015],[164.89,24.615571],[164.9,103.041074],[164.91,80.215703],[164.92,121.673786],[164.93,81.673161],[164.94,150.207154],[164.95,168.254955],[164.96,114.01291]]},"raw":{}}
{"exchange":"okx","instance_id":"A","symbol":"SOL-USD","event_ts":1762205094.603,"seq":0,"depth":{"last_seq":0,"bids":[[164.91,42.0935],[164.9,53.557989],[164.89,41.055302],[164.88,11.503664],[164.87,7.024902],[164.86,73.349644],[164.85,105.488004],[164.84,114.355467],[164.83,136.726811],[164.82,113.950896],[164.81,89.365957],[164.8,63.704286],[164.79,74.3284],[164.78,115.164739],[164.77,106.525362],[164.76,101.720702]],"asks":[[164.81,9.843673],[164.82,0.048419],[164.83,79.435493],[164.84,29.3104],[164.85,85.793722],[164.86,161.13847],[164.87,35.794703],[164.88,30.0015],[164.89,24.615571],[164.9,103.041074],[164.91,80.221284],[164.92,121.673786],[164.93,81.673161],[164.94,150.207154],[164.95,168.254955],[164.96,114.01291]]},"raw":{}}
{"exchange":"okx","instance_id":"A","symbol":"SOL-USD","event_ts":1762205094.703,"seq":0,"depth":{"last_seq":0,"bids":[[164.91,42.0935],[164.9,53.557989],[164.89,0.135302],[164.88,11.503664],[164.87,0.049902],[164.86,60.542304],[164.85,105.482564],[164.84,114.355467],[164.83,136.726811],[164.82,113.950896],[164.81,89.365957],[164.8,63.704286],[164.79,74.3284],[164.78,115.164739],[164.77,106.525362],[164.76,101.720702]],"asks":[[164.81,9.843673],[164.82,0.048419],[164.83,79.435493],[164.84,29.3104],[164.85,85.793722],[164.86,161.13847],[164.87,35.794703],[164.88,30.0015],[164.89,24.615571],[164.9,103.088241],[164.91,80.221284],[164.92,127.137106],[164.93,81.673161],[164.94,150.207154],[164.95,168.254955],[164.96,114.01291]]},"raw":{}}
{"exchange":"okx","instance_id":"A","symbol":"SOL-USD","event_ts":1762205094.803,"seq":0,"depth":{"last_seq":0,"bids":[[164.91,42.0935],[164.9,53.557989],[164.89,48.225545],[164.88,11.503664],[164.87,7.024902],[164.86,73.349644],[164.85,105.482564],[164.84,114.355467],[164.83,136.726811],[164.82,113.950896],[164.81,89.365957],[164.8,63.704286],[164.79,74.3284],[164.78,115.164739],[164.77,106.525362],[164.76,101.720702]],"asks":[[164.81,9.843673],[164.82,0.048419],[164.83,79.435493],[164.84,29.3104],[164.85,85.793722],[164.86,161.13847],[164.87,35.794703],[164.88,30.0015],[164.89,24.615571],[164.9,34.145234],[164.91,75.321284],[164.92,127.137106],[164.93,81.673161],[164.94,150.207154],[164.95,168.254955],[164.96,114.01291]]},"raw":{}}
{"exchange":"okx","instance_id":"A","symbol":"SOL-USD","event_ts":1762205094.903,"seq":0,"depth":{"last_seq":0,"bids":[[164.91,42.0935],[164.9,53.557989],[164.89,60.934984],[164.88,0.346214],[164.87,7.024902],[164.86,73.349644],[164.85,105.482564],[164.84,114.355467],[164.83,136.726811],[164.82,113.950896],[164.81,89.365957],[164.8,63.704286],[164.79,74.3284],[164.78,115.164739],[164.77,106.525362],[164.76,101.720702]],"asks":[[164.81,9.843673],[164.82,0.048419],[164.83,79.435493],[164.84,29.3104],[164.85,85.793722],[164.86,161.13847],[164.87,35.794703],[164.88,30.0015],[164.89,24.615571],[164.9,32.456211],[164.91,87.366643],[164.92,127.137106],[164.93,81.673161],[164.94,150.207154],[164.95,168.254955],[164.96,114.01291]]},"raw":{}}
{"exchange":"okx","instance_id":"A","symbol":"SOL-USD","event_ts":1762205095.003,"seq":0,"depth":{"last_seq":0,"bids":[[164.91,42.0935],[164.9,53.557989],[164.89,48.052045],[164.88,13.056125],[164.87,7.024902],[164.86,73.349644],[164.85,105.482564],[164.84,114.355467],[164.83,136.726811],[164.82,113.950896],[164.81,89.365957],[164.8,63.704286],[164.79,74.3284],[164.78,115.164739],[164.77,106.525362],[164.76,101.720702]],"asks":[[164.81,9.843673],[164.82,0.048419],[164.83,79.435493],[164.84,29.3104],[164.85,85.793722],[164.86,161.13847],[164.87,35.794703],[164.88,30.0015],[164.89,24.615571],[164.9,102.985202],[164.91,75.321284],[164.92,127.137106],[164.93,81.673161],[164.94,150.207154],[164.95,168.254955],[164.96,114.01291]]},"raw":{}}
{"exchange":"okx","instance_id":"A","symbol":"SOL-USD","event_ts":1762205095.203,"seq":0,"depth":{"last_seq":0,"bids":[[164.91,42.0935],[164.9,53.557989],[164.89,48.052045],[164.88,13.056125],[164.87,0.049902],[164.86,73.349644],[164.85,105.482564],[164.84,114.355467],[164.83,136.726811],[164.82,113.950896],[164.81,89.365957],[164.8,63.704286],[164.79,74.3284],[164.78,115.164739],[164.77,106.525362],[164.76,101.720702]],"asks":[[164.81,9.843673],[164.82,0.048419],[164.83,79.435493],[164.84,29.3104],[164.85,85.793722],[164.86,161.13847],[164.87,35.794703],[164.88,30.0015],[164.89,24.615571],[164.9,102.985202],[164.91,75.321284],[164.92,127.137106],[164.93,81.673161],[164.94,150.207154],[164.95,168.254955],[164.96,114.01291]]},"raw":{}}
{"exchange":"okx","instance_id":"A","symbol":"SOL-USD","event_ts":1762205095.303,"seq":0,"depth":{"last_seq":0,"bids":[[164.91,42.0935],[164.9,53.557989],[164.89,0.135302],[164.88,13.056125],[164.87,0.049902],[164.86,73.349644],[164.85,105.482564],[164.84,114.355467],[164.83,136.726811],[164.82,113.950896],[164.81,89.365957],[164.8,63.704286],[164.79,74.3284],[164.78,115.164739],[164.77,106.525362],[164.76,101.720702]],"asks":[[164.81,9.843673],[164.82,0.048419],[164.83,79.435493],[164.84,29.3104],[164.85,85.793722],[164.86,161.13847],[164.87,35.794703],[164.88,30.0015],[164.89,24.615571],[164.9,127.985202],[164.91,100.321284],[164.92,127.137106],[164.93,81.673161],[164.94,150.207154],[164.95,168.254955],[164.96,114.01291]]},"raw":{}}
{"exchange":"okx","instance_id":"A","symbol":"SOL-USD","event_ts":1762205095.403,"seq":0,"depth":{"last_seq":0,"bids":[[164.91,42.0935],[164.9,53.557989],[164.89,0.135302],[164.88,13.056125],[164.87,0.049902],[164.86,60.542304],[164.85,105.482564],[164.84,114.355467],[164.83,136.726811],[164.82,113.950896],[164.81,89.365957],[164.8,63.704286],[164.79,74.3284],[164.78,115.164739],[164.77,106.525362],[164.76,101.720702]],"asks":[[164.81,9.843673],[164.82,0.048419],[164.83,79.435493],[164.84,29.3104],[164.85,85.793722],[164.86,161.13847],[164.87,35.794703],[164.88,30.0015],[164.89,24.615571],[164.9,127.985202],[164.91,100.321284],[164.92,127.137106],[164.93,81.673161],[164.94,150.207154],[164.95,168.254955],[164.96,114.01291]]},"raw":{}}
{"exchange":"okx","instance_id":"A","symbol":"SOL-USD","event_ts":1762205095.503,"seq":0,"depth":{"last_seq":0,"bids":[[164.91,42.0935],[164.9,53.557989],[164.89,0.135302],[164.88,0.394614],[164.87,12.712117],[164.86,59.056267],[164.85,105.482564],[164.84,114.355467],[164.83,136.726811],[164.82,113.950896],[164.81,89.365957],[164.8,63.704286],[164.79,74.3284],[164.78,115.164739],[164.77,106.525362],[164.76,101.720702]],"asks":[[164.81,9.843673],[164.82,0.048419],[164.83,79.435493],[164.84,29.3104],[164.85,85.793722],[164.86,161.13847],[164.87,35.794703],[164.88,30.0015],[164.89,24.615571],[164.9,128.431021],[164.91,100.321284],[164.92,127.137106],[164.93,81.227342],[164.94,150.207154],[164.95,168.254955],[164.96,114.01291]]},"raw":{}}
{"exchange":"okx","instance_id":"A","symbol":"SOL-USD","event_ts":1762205095.603,"seq":0,"depth":{"last_seq":0,"bids":[[164.91,42.0935],[164.9,53.557989],[164.89,0.135302],[164.88,0.394614],[164.87,12.712117],[164.86,59.056267],[164.85,105.482564],[164.84,13.547552],[164.83,27.553],[164.82,61.872861],[164.81,76.271762],[164.8,67.19807],[164.79,74.3284],[164.78,115.164739],[164.77,106.525362],[164.76,101.720702]],"asks":[[164.81,9.843673],[164.82,0.048419],[164.83,79.435493],[164.84,29.3104],[164.85,91.43461],[164.86,93.454139],[164.87,170.822899],[164.88,185.82292],[164.89,146.205065],[164.9,128.431021],[164.91,100.321284],[164.92,127.137106],[164.93,81.227342],[164.94,150.207154],[164.95,168.254955],[164.96,114.01291]]},"raw":{}}
{"exchange":"okx","instance_id":"A","symbol":"SOL-USD","event_ts":1762205095.703,"seq":0,"depth":{"last_seq":0,"bids":[[164.91,42.0935],[164.9,53.557989],[164.89,0.135302],[164.88,0.394614],[164.87,12.712117],[164.86,59.056267],[164.85,105.482564],[164.84,13.547552],[164.83,27.553],[164.82,36.275465],[164.81,0.0015],[164.8,15.975863],[164.79,0.009366],[164.78,51.902345],[164.77,106.525362],[164.76,101.720702]],"asks":[[164.81,9.843673],[164.82,0.048419],[164.83,150.228275],[164.84,122.781295],[164.85,95.813049],[164.86,99.789903],[164.87,247.085406],[164.88,185.82292],[164.89,146.205065],[164.9,128.431021],[164.91,100.321284],[164.92,127.137106],[164.93,81.227342],[164.94,150.207154],[164.95,168.254955],[164.96,114.01291]]},"raw":{}}
{"exchange":"okx","instance_id":"A","symbol":"SOL-USD","event_ts":1762205095.803,"seq":0,"depth":{"last_seq":0,"bids":[[164.91,42.0935],[164.9,53.557989],[164.89,0.135302],[164.88,0.394614],[164.87,12.712117],[164.86,59.056267],[164.85,105.482564],[164.84,13.547552],[164.83,27.553],[164.82,27.715465],[164.81,0.007865],[164.8,15.975863],[164.79,12.718297],[164.78,51.902345],[164.77,106.525362],[164.76,101.720702]],"asks":[[164.81,9.843673],[164.82,0.048419],[164.83,140.642215],[164.84,112.47415],[164.85,95.813049],[164.86,99.789903],[164.87,247.086607],[164.88,185.82292],[164.89,146.205065],[164.9,128.431021],[164.91,100.321284],[164.92,127.137106],[164.93,81.227342],[164.94,150.207154],[164.95,168.254955],[164.96,114.01291]]},"raw":{}}
{"exchange":"okx","instance_id":"A","symbol":"SOL-USD","event_ts":1762205095.903,"seq":0,"depth":{"last_seq":0,"bids":[[164.91,42.0935],[164.9,53.557989],[164.89,0.135302],[164.88,0.394614],[164.87,12.712117],[164.86,59.056267],[164.85,105.482564],[164.84,13.547552],[164.83,27.553],[164.82,27.715465],[164.81,0.007865],[164.8,28.692006],[164.79,0.0015],[164.78,51.907785],[164.77,106.525362],[164.76,101.720702]],"asks":[[164.81,9.843673],[164.82,0.048419],[164.83,140.642215],[164.84,117.93747],[164.85,69.268232],[164.86,99.789903],[164.87,227.45512],[164.88,185.82292],[164.89,146.205065],[164.9,128.431021],[164.91,100.321284],[164.92,127.137106],[164.93,81.227342],[164.94,150.207154],[164.95,168.254955],[164.96,114.01291]]},"raw":{}}
{"exchange":"okx","instance_id":"A","symbol":"SOL-USD","event_ts":1762205096.003,"seq":0,"depth":{"last_seq":0,"bids":[[164.91,42.0935],[164.9,53.557989],[164.89,0.135302],[164.88,0.394614],[164.87,12.712117],[164.86,59.056267],[164.85,105.482564],[164.84,13.547552],[164.83,27.553],[164.82,27.715465],[164.81,0.007865],[164.8,28.692006],[164.79,0.0015],[164.78,51.907785],[164.77,106.525362],[164.76,101.720702]],"asks":[[164.81,9.843673],[164.82,0.048419],[164.83,165.642215],[164.84,128.166735],[164.85,69.268232],[164.86,99.789903],[164.87,227.45512],[164.88,185.82292],[164.89,146.205065],[164.9,128.431021],[164.91,100.321284],[164.92,127.137106],[164.93,81.227342],[164.94,150.207154],[164.95,168.254955],[164.96,114.01291]]},"raw":{}}
{"exchange":"okx","instance_id":"A","symbol":"SOL-USD","event_ts":1762205096.103,"seq":0,"depth":{"last_seq":0,"bids":[[164.91,42.0935],[164.9,53.557989],[164.89,0.135302],[164.88,0.394614],[164.87,12.712117],[164.86,59.056267],[164.85,105.482564],[164.84,13.547552],[164.83,27.553],[164.82,27.715465],[164.81,0.007865],[164.8,90.360317],[164.79,25.0015],[164.78,39.095005],[164.77,61.055538],[164.76,103.099872]],"asks":[[164.81,13.6612],[164.82,21.382658],[164.83,89.528545],[164.84,94.99331],[164.85,164.599881],[164.86,99.789903],[164.87,227.45512],[164.88,185.82292],[164.89,146.205065],[164.9,128.431021],[164.91,100.321284],[164.92,127.137106],[164.93,81.227342],[164.94,150.207154],[164.95,168.254955],[164.96,114.01291]]},"raw":{}}
{"exchange":"okx","instance_id":"A","symbol":"SOL-USD","event_ts":1762205096.203,"seq":0,"depth":{"last_seq":0,"bids":[[164.91,42.0935],[164.9,53.557989],[164.89,0.135302],[164.88,0.394614],[164.87,12.712117],[164.86,59.056267],[164.85,105.482564],[164.84,13.547552],[164.83,27.553],[164.82,27.715465],[164.81,0.007865],[164.8,90.359557],[164.79,25.0015],[164.78,39.095005],[164.77,61.055538],[164.76,103.099872]],"asks":[[164.81,13.6612],[164.82,33.569885],[164.83,77.341731],[164.84,94.99331],[164.85,183.028322],[164.86,99.789903],[164.87,227.45512],[164.88,185.82292],[164.89,146.205065],[164.9,128.431021],[164.91,100.321284],[164.92,127.137106],[164.93,81.227342],[164.94,150.207154],[164.95,168.254955],[164.96,114.01291]]},"raw":{}}
{"exchange":"okx","instance_id":"A","symbol":"SOL-USD","event_ts":1762205096.303,"seq":0,"depth":{"last_seq":0,"bids":[[164.91,42.0935],[164.9,53.557989],[164.89,0.135302],[164.88,0.394614],[164.87,12.712117],[164.86,59.056267],[164.85,105.482564],[164.84,13.547552],[164.83,27.553],[164.82,27.715465],[164.81,0.007865],[164.8,90.359557],[164.79,25.0015],[164.78,39.095005],[164.77,61.055538],[164.76,103.099872]],"asks":[[164.81,13.6612],[164.82,33.569885],[164.83,77.341731],[164.84,111.758397],[164.85,183.028322],[164.86,99.789903],[164.87,227.45512],[164.88,185.82292],[164.89,146.205065],[164.9,128.431021],[164.91,100.321284],[164.92,127.137106],[164.93,81.227342],[164.94,150.207154],[164.95,168.254955],[164.96,114.01291]]},"raw":{}}
{"exchange":"okx","instance_id":"A","symbol":"SOL-USD","event_ts":1762205096.403,"seq":0,"depth":{"last_seq":0,"bids":[[164.91,42.0935],[164.9,53.557989],[164.89,0.135302],[164.88,0.394614],[164.87,12.712117],[164.86,59.056267],[164.85,105.482564],[164.84,13.547552],[164.83,27.553],[164.82,27.715465],[164.81,0.007865],[164.8,77.266465],[164.79,38.094698],[164.78,39.095005],[164.77,65.055538],[164.76,103.099872]],"asks":[[164.81,13.8347],[164.82,21.049365],[164.83,84.316731],[164.84,111.758397],[164.85,183.028322],[164.86,99.789903],[164.87,227.45512],[164.88,185.82292],[164.89,146.205065],[164.9,128.431021],[164.91,100.321284],[164.92,127.137106],[164.93,81.227342],[164.94,150.207154],[164.95,168.254955],[164.96,114.01291]]},"raw":{}}
{"exchange":"okx","instance_id":"A","symbol":"SOL-USD","event_ts":1762205096.503,"seq":0,"depth":{"last_seq":0,"bids":[[164.91,42.0935],[164.9,53.557989],[164.89,0.135302],[164.88,0.394614],[164.87,12.712117],[164.86,59.056267],[164.85,105.482564],[164.84,13.547552],[164.83,27.553],[164.82,27.715465],[164.81,0.007865],[164.8,70.117965],[164.79,25.0015],[164.78,52.189385],[164.77,65.055538],[164.76,103.099872]],"asks":[[164.81,101.762222],[164.82,18.443321],[164.83,84.268336],[164.84,111.758397],[164.85,183.028322],[164.86,99.789903],[164.87,227.45512],[164.88,185.82292],[164.89,146.205065],[164.9,128.431021],[164.91,100.321284],[164.92,127.137106],[164.93,81.227342],[164.94,150.207154],[164.95,168.254955],[164.96,114.01291]]},"raw":{}}
{"exchange":"okx","instance_id":"A","symbol":"SOL-USD","event_ts":1762205096.603,"seq":0,"depth":{"last_seq":0,"bids":[[164.91,42.0935],[164.9,53.557989],[164.89,0.135302],[164.88,0.394614],[164.87,12.712117],[164.86,59.056267],[164.85,105.482564],[164.84,13.547552],[164.83,27.553],[164.82,27.715465],[164.81,0.007865],[164.8,70.291465],[164.79,25.0015],[164.78,39.095005],[164.77,65.055538],[164.76,103.099872]],"asks":[[164.81,13.6612],[164.82,30.630902],[164.83,54.183742],[164.84,111.758397],[164.85,183.028322],[164.86,99.789903],[164.87,227.45512],[164.88,185.82292],[164.89,146.205065],[164.9,128.431021],[164.91,100.321284],[164.92,127.137106],[164.93,81.227342],[164.94,150.207154],[164.95,168.254955],[164.96,114.01291]]},"raw":{}}
{"exchange":"okx","instance_id":"A","symbol":"SOL-USD","event_ts":1762205096.703,"seq":0,"depth":{"last_seq":0,"bids":[[164.91,42.0935],[164.9,53.557989],[164.89,0.135302],[164.88,0.394614],[164.87,12.712117],[164.86,59.056267],[164.85,105.482564],[164.84,13.547552],[164.83,27.553],[164.82,27.715465],[164.81,0.007865],[164.8,70.291465],[164.79,25.0015],[164.78,59.095005],[164.77,65.055538],[164.76,103.099872]],"asks":[[164.81,13.6612],[164.82,21.049719],[164.83,54.183742],[164.84,111.758397],[164.85,183.028322],[164.86,99.789903],[164.87,227.45512],[164.88,185.82292],[164.89,146.205065],[164.9,128.431021],[164.91,100.321284],[164.92,127.137106],[164.93,81.227342],[164.94,150.207154],[164.95,168.254955],[164.96,114.01291]]},"raw":{}}
{"exchange":"okx","instance_id":"A","symbol":"SOL-USD","event_ts":1762205096.903,"seq":0,"depth":{"last_seq":0,"bids":[[164.91,42.0935],[164.9,53.557989],[164.89,0.135302],[164.88,0.394614],[164.87,12.712117],[164.86,59.056267],[164.85,105.482564],[164.84,13.547552],[164.83,27.553],[164.82,27.715465],[164.81,0.007865],[164.8,70.291465],[164.79,25.0015],[164.78,59.095005],[164.77,65.055538],[164.76,103.099872]],"asks":[[164.81,13.6612],[164.82,21.049719],[164.83,63.077742],[164.84,111.758397],[164.85,176.745644],[164.86,99.789903],[164.87,227.45512],[164.88,185.82292],[164.89,146.205065],[164.9,128.431021],[164.91,100.321284],[164.92,127.137106],[164.93,81.227342],[164.94,150.207154],[164.95,168.254955],[164.96,114.01291]]},"raw":{}}
{"exchange":"okx","instance_id":"A","symbol":"SOL-USD","event_ts":1762205097.003,"seq":0,"depth":{"last_seq":0,"bids":[[164.91,42.0935],[164.9,53.557989],[164.89,0.135302],[164.88,0.394614],[164.87,12.712117],[164.86,59.056267],[164.85,105.482564],[164.84,13.547552],[164.83,27.553],[164.82,27.715465],[164.81,0.007865],[164.8,70.291465],[164.79,25.0015],[164.78,39.095005],[164.77,65.055538],[164.76,103.099872]],"asks":[[164.81,13.6612],[164.82,21.049719],[164.83,63.077742],[164.84,111.758397],[164.85,176.745644],[164.86,99.789903],[164.87,227.45512],[164.88,185.82292],[164.89,146.205065],[164.9,128.431021],[164.91,100.321284],[164.92,127.137106],[164.93,81.227342],[164.94,150.207154],[164.95,168.254955],[164.96,114.01291]]},"raw":{}}
{"exchange":"okx","instance_id":"A","symbol":"SOL-USD","event_ts":1762205097.103,"seq":0,"depth":{"last_seq":0,"bids":[[164.91,42.0935],[164.9,53.557989],[164.89,0.135302],[164.88,0.394614],[164.87,12.712117],[164.86,59.056267],[164.85,105.482564],[164.84,13.547552],[164.83,27.553],[164.82,27.715465],[164.81,0.007865],[164.8,70.291465],[164.79,25.0015],[164.78,39.095005],[164.77,66.54212],[164.76,103.099872]],"asks":[[164.81,13.6612],[164.82,21.049719],[164.83,63.077742],[164.84,111.758397],[164.85,176.745644],[164.86,99.789903],[164.87,227.45512],[164.88,185.82292],[164.89,146.205065],[164.9,128.431021],[164.91,100.321284],[164.92,127.137106],[164.93,81.227342],[164.94,150.207154],[164.95,168.254955],[164.96,114.01291]]},"raw":{}}
{"exchange":"okx","instance_id":"A","symbol":"SOL-USD","event_ts":1762205097.203,"seq":0,"depth":{"last_seq":0,"bids":[[164.91,42.0935],[164.9,53.557989],[164.89,0.135302],[164.88,0.394614],[164.87,12.712117],[164.86,59.056267],[164.85,105.482564],[164.84,13.547552],[164.83,27.553],[164.82,27.715465],[164.81,0.007865],[164.8,70.291465],[164.79,25.0015],[164.78,39.095005],[164.77,66.54212],[164.76,103.099872]],"asks":[[164.81,13.6612],[164.82,21.049719],[164.83,63.077742],[164.84,111.758397],[164.85,151.745644],[164.86,99.789903],[164.87,227.45512],[164.88,185.82292],[164.89,146.205065],[164.9,128.431021],[164.91,100.321284],[164.92,127.137106],[164.93,81.227342],[164.94,150.207154],[164.95,168.254955],[164.96,114.01291]]},"raw":{}}
{"exchange":"okx","instance_id":"A","symbol":"SOL-USD","event_ts":1762205097.403,"seq":0,"depth":{"last_seq":0,"bids":[[164.91,42.0935],[164.9,53.557989],[164.89,0.135302],[164.88,0.394614],[164.87,12.712117],[164.86,59.056267],[164.85,105.482564],[164.84,13.547552],[164.83,27.553],[164.82,27.715465],[164.81,14.447301],[164.8,70.291465],[164.79,25.0015],[164.78,39.095005],[164.77,66.54212],[164.76,103.099872]],"asks":[[164.81,13.6612],[164.82,21.049719],[164.83,63.077742],[164.84,111.758397],[164.85,151.745644],[164.86,98.584705],[164.87,227.45512],[164.88,185.82292],[164.89,146.205065],[164.9,128.431021],[164.91,100.321284],[164.92,127.137106],[164.93,81.227342],[164.94,150.207154],[164.95,168.254955],[164.96,114.01291]]},"raw":{}}
{"exchange":"okx","instance_id":"A","symbol":"SOL-USD","event_ts":1762205097.503,"seq":0,"depth":{"last_seq":0,"bids":[[164.91,42.0935],[164.9,53.557989],[164.89,0.135302],[164.88,0.394614],[164.87,12.712117],[164.86,59.056267],[164.85,105.482564],[164.84,13.547552],[164.83,27.553],[164.82,27.715465],[164.81,95.825924],[164.8,56.740863],[164.79,25.0015],[164.78,39.095005],[164.77,66.54212],[164.76,103.099872]],"asks":[[164.81,13.6612],[164.82,31.015626],[164.83,63.077742],[164.84,111.758397],[164.85,151.744443],[164.86,98.585906],[164.87,227.45512],[164.88,185.82292],[164.89,146.205065],[164.9,128.431021],[164.91,100.321284],[164.92,127.137106],[164.93,81.227342],[164.94,150.207154],[164.95,168.254955],[164.96,114.01291]]},"raw":{}}
{"exchange":"okx","instance_id":"A","symbol":"SOL-USD","event_ts":1762205097.703,"seq":0,"depth":{"last_seq":0,"bids":[[164.91,42.0935],[164.9,53.557989],[164.89,0.135302],[164.88,0.394614],[164.87,12.712117],[164.86,59.056267],[164.85,105.482564],[164.84,13.547552],[164.83,27.553],[164.82,27.715465],[164.81,95.825924],[164.8,56.740863],[164.79,25.0015],[164.78,39.095005],[164.77,66.54212],[164.76,103.099872]],"asks":[[164.81,13.6612],[164.82,31.015626],[164.83,63.077742],[164.84,111.758397],[164.85,151.744443],[164.86,96.016706],[164.87,227.45512],[164.88,185.82292],[164.89,146.205065],[164.9,128.431021],[164.91,100.321284],[164.92,127.137106],[164.93,81.227342],[164.94,150.207154],[164.95,168.254955],[164.96,114.01291]]},"raw":{}}
{"exchange":"okx","instance_id":"A","symbol":"SOL-USD","event_ts":1762205098.503,"seq":0,"depth":{"last_seq":0,"bids":[[164.91,42.0935],[164.9,53.557989],[164.89,0.135302],[164.88,0.394614],[164.87,12.712117],[164.86,59.056267],[164.85,105.482564],[164.84,13.547552],[164.83,27.553],[164.82,27.715465],[164.81,95.825924],[164.8,82.35967],[164.79,25.0015],[164.78,39.095005],[164.77,66.54212],[164.76,110.384299]],"asks":[[164.81,42.21499],[164.82,42.810965],[164.83,70.052742],[164.84,111.758397],[164.85,151.744443],[164.86,96.016706],[164.87,227.45512],[164.88,185.82292],[164.89,146.205065],[164.9,128.431021],[164.91,100.321284],[164.92,127.137106],[164.93,81.227342],[164.94,150.207154],[164.95,168.254955],[164.96,114.01291]]},"raw":{}}
{"exchange":"okx","instance_id":"A","symbol":"SOL-USD","event_ts":1762205098.603,"seq":0,"depth":{"last_seq":0,"bids":[[164.91,42.0935],[164.9,53.557989],[164.89,0.135302],[164.88,0.394614],[164.87,12.712117],[164.86,59.056267],[164.85,105.482564],[164.84,13.547552],[164.83,27.553],[164.82,27.715465],[164.81,95.825924],[164.8,82.359062],[164.79,25.0015],[164.78,39.095005],[164.77,62.54212],[164.76,110.384299]],"asks":[[164.81,42.21499],[164.82,42.810965],[164.83,70.052742],[164.84,111.758397],[164.85,151.745644],[164.86,96.016706],[164.87,227.45512],[164.88,185.82292],[164.89,146.205065],[164.9,128.431021],[164.91,100.321284],[164.92,127.137106],[164.93,81.227342],[164.94,150.207154],[164.95,168.254955],[164.96,114.01291]]},"raw":{}}
{"exchange":"okx","instance_id":"A","symbol":"SOL-USD","event_ts":1762205098.703,"seq":0,"depth":{"last_seq":0,"bids":[[164.91,42.0935],[164.9,53.557989],[164.89,0.135302],[164.88,0.394614],[164.87,12.712117],[164.86,59.056267],[164.85,105.482564],[164.84,13.547552],[164.83,27.553],[164.82,27.715465],[164.81,100.795016],[164.8,68.982874],[164.79,25.0015],[164.78,39.095005],[164.77,62.54212],[164.76,110.384299]],"asks":[[164.81,42.21499],[164.82,9.672180000000001],[164.83,63.077742],[164.84,112.2044],[164.85,151.745644],[164.86,95.569526],[164.87,227.45512],[164.88,185.82292],[164.89,146.205065],[164.9,128.431021],[164.91,100.321284],[164.92,127.137106],[164.93,81.227342],[164.94,150.207154],[164.95,168.254955],[164.96,114.01291]]},"raw":{}}
{"exchange":"okx","instance_id":"A","symbol":"SOL-USD","event_ts":1762205098.803,"seq":0,"depth":{"last_seq":0,"bids":[[164.91,42.0935],[164.9,53.557989],[164.89,0.135302],[164.88,0.394614],[164.87,12.712117],[164.86,59.056267],[164.85,105.482564],[164.84,13.547552],[164.83,27.553],[164.82,142.923758],[164.81,80.27],[164.8,56.740863],[164.79,25.0015],[164.78,51.914337],[164.77,62.54212],[164.76,110.384299]],"asks":[[164.81,42.21499],[164.82,9.672180000000001],[164.83,36.260494],[164.84,43.093575],[164.85,124.610801],[164.86,70.569526],[164.87,161.117753],[164.88,185.82292],[164.89,146.205065],[164.9,128.431021],[164.91,100.321284],[164.92,127.137106],[164.93,81.227342],[164.94,150.207154],[164.95,168.254955],[164.96,114.01291]]},"raw":{}}
{"exchange":"okx","instance_id":"A","symbol":"SOL-USD","event_ts":1762205098.903,"seq":0,"depth":{"last_seq":0,"bids":[[164.91,42.0935],[164.9,53.557989],[164.89,0.135302],[164.88,0.394614],[164.87,12.712117],[164.86,59.056267],[164.85,105.482564],[164.84,13.547552],[164.83,42.0935],[164.82,89.419732],[164.81,52.564485],[164.8,69.553643],[164.79,43.93928],[164.78,51.914337],[164.77,62.54212],[164.76,110.384299]],"asks":[[164.81,42.21499],[164.82,9.672180000000001],[164.83,36.260494],[164.84,55.997882],[164.85,39.844865],[164.86,58.079584],[164.87,138.999953],[164.88,218.041695],[164.89,146.205065],[164.9,128.431021],[164.91,100.321284],[164.92,127.137106],[164.93,81.227342],[164.94,150.207154],[164.95,168.254955],[164.96,114.01291]]},"raw":{}}
{"exchange":"okx","instance_id":"A","symbol":"SOL-USD","event_ts":1762205099.003,"seq":0,"depth":{"last_seq":0,"bids":[[164.91,42.0935],[164.9,53.557989],[164.89,0.135302],[164.88,0.394614],[164.87,12.712117],[164.86,59.056267],[164.85,105.482564],[164.84,13.547552],[164.83,14.37],[164.82,42.147872],[164.81,59.5265],[164.8,56.740863],[164.79,43.93928],[164.78,51.914337],[164.77,62.54212],[164.76,110.384299]],"asks":[[164.81,42.21499],[164.82,9.672180000000001],[164.83,36.260494],[164.84,76.256888],[164.85,28.479489],[164.86,58.079584],[164.87,138.998752],[164.88,218.042896],[164.89,146.205065],[164.9,128.431021],[164.91,100.321284],[164.92,127.137106],[164.93,81.227342],[164.94,150.207154],[164.95,168.254955],[164.96,114.01291]]},"raw":{}}
{"exchange":"okx","instance_id":"A","symbol":"SOL-USD","event_ts":1762205099.103,"seq":0,"depth":{"last_seq":0,"bids":[[164.91,42.0935],[164.9,53.557989],[164.89,0.135302],[164.88,0.394614],[164.87,12.712117],[164.86,59.056267],[164.85,105.482564],[164.84,13.547552],[164.83,37.11],[164.82,42.147872],[164.81,59.5265],[164.8,69.553643],[164.79,43.93928],[164.78,51.914337],[164.77,62.54212],[164.76,110.384299]],"asks":[[164.81,42.21499],[164.82,9.672180000000001],[164.83,36.260494],[164.84,64.890882],[164.85,39.845033],[164.86,58.079584],[164.87,138.998752],[164.88,218.042896],[164.89,146.205065],[164.9,128.431021],[164.91,100.321284],[164.92,127.137106],[164.93,81.227342],[164.94,150.207154],[164.95,168.254955],[164.96,114.01291]]},"raw":{}}
{"exchange":"okx","instance_id":"A","symbol":"SOL-USD","event_ts":1762205099.203,"seq":0,"depth":{"last_seq":0,"bids":[[164.91,42.0935],[164.9,53.557989],[164.89,0.135302],[164.88,0.394614],[164.87,12.712117],[164.86,59.056267],[164.85,105.482564],[164.84,13.547552],[164.83,37.2835],[164.82,42.147872],[164.81,59.5265],[164.8,69.553643],[164.79,43.93928],[164.78,51.914337],[164.77,62.54212],[164.76,110.384299]],"asks":[[164.81,42.21499],[164.82,9.672180000000001],[164.83,36.260494],[164.84,41.610882],[164.85,36.41694],[164.86,69.444614],[164.87,138.998752],[164.88,218.042896],[164.89,146.205065],[164.9,128.431021],[164.91,100.321284],[164.92,127.137106],[164.93,81.227342],[164.94,150.207154],[164.95,168.254955],[164.96,114.01291]]},"raw":{}}
{"exchange":"okx","instance_id":"A","symbol":"SOL-USD","event_ts":1762205099.303,"seq":0,"depth":{"last_seq":0,"bids":[[164.91,42.0935],[164.9,53.557989],[164.89,0.135302],[164.88,0.394614],[164.87,12.712117],[164.86,59.056267],[164.85,105.482564],[164.84,13.547552],[164.83,35.216911],[164.82,42.147872],[164.81,59.5265],[164.8,69.553643],[164.79,43.93928],[164.78,51.914337],[164.77,62.54212],[164.76,110.384299]],"asks":[[164.81,42.21499],[164.82,9.672180000000001],[164.83,36.260494],[164.84,41.610882],[164.85,47.78273],[164.86,58.079584],[164.87,138.998752],[164.88,218.042896],[164.89,146.205065],[164.9,128.431021],[164.91,100.321284],[164.92,127.137106],[164.93,81.227342],[164.94,150.207154],[164.95,168.254955],[164.96,114.01291]]},"raw":{}}
{"exchange":"okx","instance_id":"A","symbol":"SOL-USD","event_ts":1762205099.403,"seq":0,"depth":{"last_seq":0,"bids":[[164.91,42.0935],[164.9,53.557989],[164.89,0.135302],[164.88,0.394614],[164.87,12.712117],[164.86,59.056267],[164.85,105.482564],[164.84,13.547552],[164.83,35.216911],[164.82,42.147872],[164.81,59.5265],[164.8,69.553643],[164.79,43.93928],[164.78,51.914337],[164.77,62.54212],[164.76,110.384299]],"asks":[[164.81,42.21499],[164.82,9.672180000000001],[164.83,36.260494],[164.84,52.976879],[164.85,36.41694],[164.86,58.079584],[164.87,138.998752],[164.88,218.042896],[164.89,146.205065],[164.9,128.431021],[164.91,100.321284],[164.92,127.137106],[164.93,81.227342],[164.94,150.207154],[164.95,168.254955],[164.96,114.01291]]},"raw":{}}
{"exchange":"okx","instance_id":"A","symbol":"SOL-USD","event_ts":1762205099.503,"seq":0,"depth":{"last_seq":0,"bids":[[164.91,42.0935],[164.9,53.557989],[164.89,0.135302],[164.88,0.394614],[164.87,12.712117],[164.86,59.056267],[164.85,105.482564],[164.84,13.547552],[164.83,12.476911],[164.82,19.249883],[164.81,52.5515],[164.8,56.740863],[164.79,31.1265],[164.78,51.914337],[164.77,62.54212],[164.76,110.384299]],"asks":[[164.81,42.21499],[164.82,9.672180000000001],[164.83,36.260494],[164.84,83.231879],[164.85,36.41694],[164.86,58.079584],[164.87,155.086152],[164.88,232.646809],[164.89,146.205065],[164.9,128.431021],[164.91,100.321284],[164.92,127.137106],[164.93,81.227342],[164.94,150.207154],[164.95,168.254955],[164.96,114.01291]]},"raw":{}}
{"exchange":"okx","instance_id":"A","symbol":"SOL-USD","event_ts":1762205099.603,"seq":0,"depth":{"last_seq":0,"bids":[[164.91,42.0935],[164.9,53.557989],[164.89,0.135302],[164.88,0.394614],[164.87,12.712117],[164.86,59.056267],[164.85,105.482564],[164.84,13.547552],[164.83,12.476911],[164.82,60.169883],[164.81,59.5265],[164.8,56.740863],[164.79,31.1265],[164.78,93.310723],[164.77,62.54212],[164.76,110.384299]],"asks":[[164.81,42.21499],[164.82,9.672180000000001],[164.83,115.440441],[164.84,59.389696],[164.85,43.440357],[164.86,72.362506],[164.87,211.189942],[164.88,232.646809],[164.89,146.205065],[164.9,128.431021],[164.91,100.321284],[164.92,127.137106],[164.93,81.227342],[164.94,150.207154],[164.95,168.254955],[164.96,114.01291]]},"raw":{}}
{"exchange":"okx","instance_id":"A","symbol":"SOL-USD","event_ts":1762205099.703,"seq":0,"depth":{"last_seq":0,"bids":[[164.91,42.0935],[164.9,53.557989],[164.89,0.135302],[164.88,0.394614],[164.87,12.712117],[164.86,59.056267],[164.85,105.482564],[164.84,13.547552],[164.83,12.476911],[164.82,32.606832],[164.81,27.564616],[164.8,38.715863],[164.79,31.1265],[164.78,93.310723],[164.77,62.54212],[164.76,110.384299]],"asks":[[164.81,42.21499],[164.82,9.672180000000001],[164.83,140.440441],[164.84,59.389696],[164.85,43.440357],[164.86,72.362506],[164.87,211.191143],[164.88,232.646809],[164.89,146.205065],[164.9,128.431021],[164.91,100.321284],[164.92,127.137106],[164.93,81.227342],[164.94,150.207154],[164.95,168.254955],[164.96,114.01291]]},"raw":{}}
{"exchange":"okx","instance_id":"A","symbol":"SOL-USD","event_ts":1762205099.803,"seq":0,"depth":{"last_seq":0,"bids":[[164.91,42.0935],[164.9,53.557989],[164.89,0.135302],[164.88,0.394614],[164.87,12.712117],[164.86,59.056267],[164.85,105.482564],[164.84,13.547552],[164.83,12.476911],[164.82,32.606832],[164.81,0.013116],[164.8,43.982857],[164.79,25.0015],[164.78,48.592813],[164.77,62.54212],[164.76,110.384299]],"asks":[[164.81,42.21499],[164.82,144.336787],[164.83,141.137988],[164.84,102.194436],[164.85,154.277128],[164.86,129.245146],[164.87,211.191143],[164.88,232.646809],[164.89,146.205065],[164.9,128.431021],[164.91,100.321284],[164.92,127.137106],[164.93,81.227342],[164.94,150.207154],[164.95,168.254955],[164.96,114.01291]]},"raw":{}}
{"exchange":"okx","instance_id":"A","symbol":"SOL-USD","event_ts":1762205099.903,"seq":0,"depth":{"last_seq":0,"bids":[[164.91,42.0935],[164.9,53.557989],[164.89,0.135302],[164.88,0.394614],[164.87,12.712117],[164.86,59.056267],[164.85,105.482564],[164.84,13.547552],[164.83,12.476911],[164.82,32.606832],[164.81,0.013116],[164.8,43.982857],[164.79,25.0015],[164.78,48.592813],[164.77,62.54212],[164.76,110.384299]],"asks":[[164.81,42.21499],[164.82,127.729669],[164.83,141.137988],[164.84,102.380833],[164.85,154.277128],[164.86,129.246347],[164.87,211.191143],[164.88,232.646809],[164.89,146.205065],[164.9,128.431021],[164.91,100.321284],[164.92,127.137106],[164.93,81.227342],[164.94,150.207154],[164.95,168.254955],[164.96,114.01291]]},"raw":{}}
{"exchange":"okx","instance_id":"A","symbol":"SOL-USD","event_ts":1762205100.003,"seq":0,"depth":{"last_seq":0,"bids":[[164.91,42.0935],[164.9,53.557989],[164.89,0.135302],[164.88,0.394614],[164.87,12.712117],[164.86,59.056267],[164.85,105.482564],[164.84,13.547552],[164.83,12.476911],[164.82,32.606832],[164.81,0.013116],[164.8,43.982857],[164.79,25.0015],[164.78,0.129142],[164.77,0.014623],[164.76,7.156424],[164.75,0.08664],[164.74,22.904687]],"asks":[[164.79,142.404609],[164.8,67.283316],[164.81,184.302633],[164.82,191.441019],[164.83,168.212475],[164.84,102.380833],[164.85,154.277128],[164.86,129.246347],[164.87,211.191143],[164.88,232.646809],[164.89,146.205065],[164.9,128.431021],[164.91,100.321284],[164.92,127.137106],[164.93,81.227342],[164.94,150.207154],[164.95,168.254955],[164.96,114.01291]]},"raw":{}}
{"exchange":"okx","instance_id":"A","symbol":"SOL-USD","event_ts":1762205100.103,"seq":0,"depth":{"last_seq":0,"bids":[[164.91,42.0935],[164.9,53.557989],[164.89,0.135302],[164.88,0.394614],[164.87,12.712117],[164.86,59.056267],[164.85,105.482564],[164.84,13.547552],[164.83,12.476911],[164.82,32.606832],[164.81,0.013116],[164.8,43.982857],[164.79,25.0015],[164.78,0.129142],[164.77,0.010426],[164.76,7.156424],[164.75,0.08664],[164.74,35.718247]],"asks":[[164.79,144.769621],[164.8,89.316474],[164.81,184.302633],[164.82,191.441019],[164.83,168.213676],[164.84,102.380833],[164.85,154.277128],[164.86,129.246347],[164.87,211.191143],[164.88,232.646809],[164.89,146.205065],[164.9,128.431021],[164.91,100.321284],[164.92,127.137106],[164.93,81.227342],[164.94,150.207154],[164.95,168.254955],[164.96,114.01291]]},"raw":{}}
{"exchange":"okx","instance_id":"A","symbol":"SOL-USD","event_ts":1762205100.203,"seq":0,"depth":{"last_seq":0,"bids":[[164.91,42.0935],[164.9,53.557989],[164.89,0.135302],[164.88,0.394614],[164.87,12.712117],[164.86,59.056267],[164.85,105.482564],[164.84,13.547552],[164.83,12.476911],[164.82,32.606832],[164.81,0.013116],[164.8,43.982857],[164.79,25.0015],[164.78,0.129142],[164.77,0.008926],[164.76,7.156424],[164.75,11.897722],[164.74,35.718247]],"asks":[[164.79,144.769621],[164.8,89.316474],[164.81,184.302633],[164.82,191.441019],[164.83,168.213676],[164.84,102.380833],[164.85,154.277128],[164.86,129.246347],[164.87,211.191143],[164.88,232.646809],[164.89,146.205065],[164.9,128.431021],[164.91,100.321284],[164.92,127.137106],[164.93,81.227342],[164.94,150.207154],[164.95,168.254955],[164.96,114.01291]]},"raw":{}}
{"exchange":"okx","instance_id":"A","symbol":"SOL-USD","event_ts":1762205100.303,"seq":0,"depth":{"last_seq":0,"bids":[[164.91,42.0935],[164.9,53.557989],[164.89,0.135302],[164.88,0.394614],[164.87,12.712117],[164.86,59.056267],[164.85,105.482564],[164.84,13.547552],[164.83,12.476911],[164.82,32.606832],[164.81,0.013116],[164.8,43.982857],[164.79,25.0015],[164.78,58.733522],[164.77,0.008926],[164.76,0.165561],[164.75,0.095526],[164.74,22.916375],[164.73,64.814761]],"asks":[[164.79,105.112312],[164.8,13.36332],[164.81,159.302633],[164.82,191.441019],[164.83,168.213676],[164.84,102.380833],[164.85,154.277128],[164.86,129.246347],[164.87,211.191143],[164.88,232.646809],[164.89,146.205065],[164.9,128.431021],[164.91,100.321284],[164.92,127.137106],[164.93,81.227342],[164.94,150.207154],[164.95,168.254955],[164.96,114.01291]]},"raw":{}}
{"exchange":"okx","instance_id":"A","symbol":"SOL-USD","event_ts":1762205100.403,"seq":0,"depth":{"last_seq":0,"bids":[[164.91,42.0935],[164.9,53.557989],[164.89,0.135302],[164.88,0.394614],[164.87,12.712117],[164.86,59.056267],[164.85,105.482564],[164.84,13.547552],[164.83,12.476911],[164.82,32.606832],[164.81,0.013116],[164.8,43.982857],[164.79,25.0015],[164.78,95.542519],[164.77,25.0],[164.76,25.165561],[164.75,25.095567],[164.74,88.516873],[164.73,64.814761]],"asks":[[164.79,14.50827],[164.8,7.405804],[164.81,54.243009],[164.82,112.523361],[164.83,80.659249],[164.84,102.380833],[164.85,154.277128],[164.86,129.246347],[164.87,211.191143],[164.88,232.646809],[164.89,146.205065],[164.9,128.431021],[164.91,100.321284],[164.92,127.137106],[164.93,81.227342],[164.94,150.207154],[164.95,168.254955],[164.96,114.01291]]},"raw":{}}
{"exchange":"okx","instance_id":"A","symbol":"SOL-USD","event_ts":1762205100.503,"seq":0,"depth":{"last_seq":0,"bids":[[164.91,42.0935],[164.9,53.557989],[164.89,0.135302],[164.88,0.394614],[164.87,12.712117],[164.86,59.056267],[164.85,105.482564],[164.84,13.547552],[164.83,12.476911],[164.82,49.97938],[164.81,103.463967],[164.8,117.540825],[164.79,80.2715],[164.78,71.090022],[164.77,25.0],[164.76,25.165561],[164.75,25.095567],[164.74,88.516873],[164.73,64.814761]],"asks":[[164.79,14.50827],[164.8,7.405804],[164.81,54.243009],[164.82,112.523361],[164.83,27.367719],[164.84,38.794385],[164.85,112.283514],[164.86,70.083239],[164.87,186.180557],[164.88,232.646809],[164.89,146.205065],[164.9,128.431021],[164.91,100.321284],[164.92,127.137106],[164.93,81.227342],[164.94,150.207154],[164.95,168.254955],[164.96,114.01291]]},"raw":{}}
{"exchange":"okx","instance_id":"A","symbol":"SOL-USD","event_ts":1762205100.603,"seq":0,"depth":{"last_seq":0,"bids":[[164.91,42.0935],[164.9,53.557989],[164.89,0.135302],[164.88,0.394614],[164.87,12.712117],[164.86,59.056267],[164.85,105.482564],[164.84,13.547552],[164.83,12.476911],[164.82,57.345511],[164.81,103.512387],[164.8,117.540825],[164.79,80.2715],[164.78,115.786222],[164.77,25.0],[164.76,25.165561],[164.75,25.095567],[164.74,88.516873],[164.73,64.814761]],"asks":[[164.79,14.50827],[164.8,7.405804],[164.81,54.243009],[164.82,112.523361],[164.83,35.241518],[164.84,48.619041],[164.85,112.283514],[164.86,72.362506],[164.87,159.047224],[164.88,232.646809],[164.89,146.205065],[164.9,128.431021],[164.91,100.321284],[164.92,127.137106],[164.93,81.227342],[164.94,150.207154],[164.95,168.254955],[164.96,114.01291]]},"raw":{}}
{"exchange":"okx","instance_id":"A","symbol":"SOL-USD","event_ts":1762205100.703,"seq":0,"depth":{"last_seq":0,"bids":[[164.91,42.0935],[164.9,53.557989],[164.89,0.135302],[164.88,0.394614],[164.87,12.712117],[164.86,59.056267],[164.85,105.482564],[164.84,13.547552],[164.83,12.476911],[164.82,57.345511],[164.81,103.512387],[164.8,117.540825],[164.79,80.2715],[164.78,115.786222],[164.77,25.0],[164.76,25.165561],[164.75,25.095567],[164.74,88.516873],[164.73,64.814761]],"asks":[[164.79,14.50827],[164.8,7.405804],[164.81,54.243009],[164.82,112.523361],[164.83,28.266518],[164.84,48.619041],[164.85,121.176514],[164.86,72.362506],[164.87,159.047224],[164.88,232.646809],[164.89,146.205065],[164.9,128.431021],[164.91,100.321284],[164.92,127.137106],[164.93,81.227342],[164.94,150.207154],[164.95,168.254955],[164.96,114.01291]]},"raw":{}}
{"exchange":"okx","instance_id":"A","symbol":"SOL-USD","event_ts":1762205100.803,"seq":0,"depth":{"last_seq":0,"bids":[[164.91,42.0935],[164.9,53.557989],[164.89,0.135302],[164.88,0.394614],[164.87,12.712117],[164.86,59.056267],[164.85,105.482564],[164.84,13.547552],[164.83,12.476911],[164.82,57.345511],[164.81,13.41842],[164.8,0.173967],[164.79,25.0015],[164.78,111.346222],[164.77,69.6977],[164.76,25.165561],[164.75,25.095567],[164.74,88.516873],[164.73,64.814761]],"asks":[[164.79,14.50827],[164.8,7.405804],[164.81,54.243009],[164.82,137.933173],[164.83,130.192089],[164.84,61.515118],[164.85,153.640374],[164.86,97.362506],[164.87,159.047224],[164.88,232.646809],[164.89,146.205065],[164.9,128.431021],[164.91,100.321284],[164.92,127.137106],[164.93,81.227342],[164.94,150.207154],[164.95,168.254955],[164.96,114.01291]]},"raw":{}}
{"exchange":"okx","instance_id":"A","symbol":"SOL-USD","event_ts":1762205100.903,"seq":0,"depth":{"last_seq":0,"bids":[[164.91,42.0935],[164.9,53.557989],[164.89,0.135302],[164.88,0.394614],[164.87,12.712117],[164.86,59.056267],[164.85,105.482564],[164.84,13.547552],[164.83,12.476911],[164.82,57.345511],[164.81,13.41842],[164.8,0.173967],[164.79,25.0015],[164.78,0.177571],[164.77,5.46482],[164.76,36.975375],[164.75,31.21164],[164.74,101.440001],[164.73,64.814761]],"asks":[[164.79,156.740121],[164.8,116.792897],[164.81,132.384201],[164.82,209.213565],[164.83,130.502377],[164.84,61.515118],[164.85,153.640374],[164.86,97.362506],[164.87,159.047224],[164.88,232.646809],[164.89,146.205065],[164.9,128.431021],[164.91,100.321284],[164.92,127.137106],[164.93,81.227342],[164.94,150.207154],[164.95,168.254955],[164.96,114.01291]]},"raw":{}}
{"exchange":"okx","instance_id":"A","symbol":"SOL-USD","event_ts":1762205101.003,"seq":0,"depth":{"last_seq":0,"bids":[[164.91,42.0935],[164.9,53.557989],[164.89,0.135302],[164.88,0.394614],[164.87,12.712117],[164.86,59.056267],[164.85,105.482564],[164.84,13.547552],[164.83,12.476911],[164.82,57.345511],[164.81,13.41842],[164.8,0.173967],[164.79,25.0015],[164.78,0.177571],[164.77,5.46482],[164.76,0.18465],[164.75,11.897782],[164.74,13.965863],[164.73,36.168049],[164.72,116.941798]],"asks":[[164.77,27.55],[164.78,41.09],[164.79,209.105147],[164.8,154.934518],[164.81,141.277201],[164.82,209.213565],[164.83,130.502377],[164.84,61.515118],[164.85,153.640374],[164.86,97.362506],[164.87,159.047224],[164.88,232.646809],[164.89,146.205065],[164.9,128.431021],[164.91,100.321284],[164.92,127.137106],[164.93,81.227342],[164.94,150.207154],[164.95,168.254955],[164.96,114.01291]]},"raw":{}}
{"exchange":"okx","instance_id":"A","symbol":"SOL-USD","event_ts":1762205101.103,"seq":0,"depth":{"last_seq":0,"bids":[[164.91,42.0935],[164.9,53.557989],[164.89,0.135302],[164.88,0.394614],[164.87,12.712117],[164.86,59.056267],[164.85,105.482564],[164.84,13.547552],[164.83,12.476911],[164.82,57.345511],[164.81,13.41842],[164.8,0.173967],[164.79,25.0015],[164.78,0.177571],[164.77,5.46482],[164.76,0.18465],[164.75,11.897782],[164.74,41.0935],[164.73,4.718433],[164.72,50.683325]],"asks":[[164.75,109.595238],[164.76,131.278017],[164.77,154.932249],[164.78,160.89444],[164.79,213.204771],[164.8,154.934518],[164.81,141.277201],[164.82,209.213565],[164.83,130.502377],[164.84,61.515118],[164.85,153.640374],[164.86,97.362506],[164.87,159.047224],[164.88,232.646809],[164.89,146.205065],[164.9,128.431021],[164.91,100.321284],[164.92,127.137106],[164.93,81.227342],[164.94,150.207154]]},"raw":{}}
{"exchange":"okx","instance_id":"A","symbol":"SOL-USD","event_ts":1762205101.203,"seq":0,"depth":{"last_seq":0,"bids":[[164.91,42.0935],[164.9,53.557989],[164.89,0.135302],[164.88,0.394614],[164.87,12.712117],[164.86,59.056267],[164.85,105.482564],[164.84,13.547552],[164.83,12.476911],[164.82,57.345511],[164.81,13.41842],[164.8,0.173967],[164.79,25.0015],[164.78,0.177571],[164.77,5.46482],[164.76,0.18465],[164.75,11.897782],[164.74,41.0935],[164.73,4.713084],[164.72,50.683325]],"asks":[[164.75,42.21499],[164.76,103.728017],[164.77,154.932249],[164.78,153.91944],[164.79,200.48824],[164.8,154.934518],[164.81,141.277201],[164.82,209.213565],[164.83,130.502377],[164.84,61.515118],[164.85,153.640374],[164.86,97.362506],[164.87,159.047224],[164.88,232.646809],[164.89,146.205065],[164.9,128.431021],[164.91,100.321284],[164.92,127.137106],[164.93,81.227342],[164.94,150.207154]]},"raw":{}}
{"exchange":"okx","instance_id":"A","symbol":"SOL-USD","event_ts":1762205101.303,"seq":0,"depth":{"last_seq":0,"bids":[[164.91,42.0935],[164.9,53.557989],[164.89,0.135302],[164.88,0.394614],[164.87,12.712117],[164.86,59.056267],[164.85,105.482564],[164.84,13.547552],[164.83,12.476911],[164.82,57.345511],[164.81,13.41842],[164.8,0.173967],[164.79,25.0015],[164.78,0.177571],[164.77,5.46482],[164.76,0.18465],[164.75,11.897782],[164.74,66.107179],[164.73,41.511599],[164.72,50.683325]],"asks":[[164.75,54.151729],[164.76,103.728017],[164.77,129.932249],[164.78,153.91944],[164.79,200.48824],[164.8,154.934518],[164.81,141.277201],[164.82,209.213565],[164.83,130.502377],[164.84,61.515118],[164.85,153.640374],[164.86,97.362506],[164.87,159.047224],[164.88,232.646809],[164.89,146.205065],[164.9,128.431021],[164.91,100.321284],[164.92,127.137106],[164.93,81.227342],[164.94,150.207154]]},"raw":{}}
{"exchange":"okx","instance_id":"A","symbol":"SOL-USD","event_ts":1762205101.403,"seq":0,"depth":{"last_seq":0,"bids":[[164.91,42.0935],[164.9,53.557989],[164.89,0.135302],[164.88,0.394614],[164.87,12.712117],[164.86,59.056267],[164.85,105.482564],[164.84,13.547552],[164.83,12.476911],[164.82,57.345511],[164.81,13.41842],[164.8,0.173967],[164.79,25.0015],[164.78,0.177571],[164.77,5.46482],[164.76,0.18465],[164.75,29.02812],[164.74,66.107179],[164.73,41.511534],[164.72,50.683325]],"asks":[[164.75,54.151729],[164.76,0.048427],[164.77,43.442533],[164.78,128.91944],[164.79,200.48824],[164.8,124.917732],[164.81,141.277201],[164.82,209.213565],[164.83,130.502377],[164.84,61.515118],[164.85,153.640374],[164.86,97.362506],[164.87,159.047224],[164.88,232.646809],[164.89,146.205065],[164.9,128.431021],[164.91,100.321284],[164.92,127.137106],[164.93,81.227342],[164.94,150.207154]]},"raw":{}}
{"exchange":"okx","instance_id":"A","symbol":"SOL-USD","event_ts":1762205101.503,"seq":0,"depth":{"last_seq":0,"bids":[[164.91,42.0935],[164.9,53.557989],[164.89,0.135302],[164.88,0.394614],[164.87,12.712117],[164.86,59.056267],[164.85,105.482564],[164.84,13.547552],[164.83,12.476911],[164.82,57.345511],[164.81,13.41842],[164.8,0.173967],[164.79,25.0015],[164.78,0.177571],[164.77,5.46482],[164.76,51.127577],[164.75,64.210629],[164.74,52.55],[164.73,29.69934],[164.72,63.496885]],"asks":[[164.75,54.151729],[164.76,0.048427],[164.77,9.670679],[164.78,9.239445],[164.79,148.0751],[164.8,81.397105],[164.81,75.365293],[164.82,209.213565],[164.83,130.502377],[164.84,61.515118],[164.85,153.640374],[164.86,97.362506],[164.87,159.047224],[164.88,232.646809],[164.89,146.205065],[164.9,128.431021],[164.91,100.321284],[164.92,127.137106],[164.93,81.227342],[164.94,150.207154]]},"raw":{}}
{"exchange":"okx","instance_id":"A","symbol":"SOL-USD","event_ts":1762205101.603,"seq":0,"depth":{"last_seq":0,"bids":[[164.91,42.0935],[164.9,53.557989],[164.89,0.135302],[164.88,0.394614],[164.87,12.712117],[164.86,59.056267],[164.85,105.482564],[164.84,13.547552],[164.83,12.476911],[164.82,57.345511],[164.81,13.41842],[164.8,0.173967],[164.79,25.0015],[164.78,0.177571],[164.77,5.46482],[164.76,14.37],[164.75,76.069769],[164.74,59.525],[164.73,29.69934],[164.72,63.496885]],"asks":[[164.75,54.151729],[164.76,0.048427],[164.77,89.604539],[164.78,32.09919],[164.79,135.967348],[164.8,81.397105],[164.81,75.364092],[164.82,209.213565],[164.83,130.502377],[164.84,61.515118],[164.85,153.640374],[164.86,97.362506],[164.87,159.047224],[164.88,232.646809],[164.89,146.205065],[164.9,128.431021],[164.91,100.321284],[164.92,127.137106],[164.93,81.227342],[164.94,150.207154]]},"raw":{}}
{"exchange":"okx","instance_id":"A","symbol":"SOL-USD","event_ts":1762205101.703,"seq":0,"depth":{"last_seq":0,"bids":[[164.91,42.0935],[164.9,53.557989],[164.89,0.135302],[164.88,0.394614],[164.87,12.712117],[164.86,59.056267],[164.85,105.482564],[164.84,13.547552],[164.83,12.476911],[164.82,57.345511],[164.81,13.41842],[164.8,0.173967],[164.79,25.0015],[164.78,0.177571],[164.77,5.46482],[164.76,14.49],[164.75,51.069769],[164.74,59.525],[164.73,29.69934],[164.72,63.496885]],"asks":[[164.75,54.151729],[164.76,0.048427],[164.77,47.857539],[164.78,32.09919],[164.79,135.967348],[164.8,81.397105],[164.81,75.365293],[164.82,209.213565],[164.83,130.502377],[164.84,61.515118],[164.85,153.640374],[164.86,97.362506],[164.87,159.047224],[164.88,232.646809],[164.89,146.205065],[164.9,128.431021],[164.91,100.321284],[164.92,127.137106],[164.93,81.227342],[164.94,150.207154]]},"raw":{}}
{"exchange":"okx","instance_id":"A","symbol":"SOL-USD","event_ts":1762205101.803,"seq":0,"depth":{"last_seq":0,"bids":[[164.91,42.0935],[164.9,53.557989],[164.89,0.135302],[164.88,0.394614],[164.87,12.712117],[164.86,59.056267],[164.85,105.482564],[164.84,13.547552],[164.83,12.476911],[164.82,57.345511],[164.81,13.41842],[164.8,0.173967],[164.79,25.0015],[164.78,0.177571],[164.77,5.46482],[164.76,14.6635],[164.75,51.069769],[164.74,59.525],[164.73,29.69934],[164.72,63.496885]],"asks":[[164.75,54.151729],[164.76,0.048427],[164.77,47.893644],[164.78,32.09919],[164.79,135.967348],[164.8,81.397105],[164.81,75.365293],[164.82,209.213565],[164.83,130.502377],[164.84,61.515118],[164.85,153.640374],[164.86,97.362506],[164.87,159.047224],[164.88,232.646809],[164.89,146.205065],[164.9,128.431021],[164.91,100.321284],[164.92,127.137106],[164.93,81.227342],[164.94,150.207154]]},"raw":{}}
{"exchange":"okx","instance_id":"A","symbol":"SOL-USD","event_ts":1762205102.003,"seq":0,"depth":{"last_seq":0,"bids":[[164.91,42.0935],[164.9,53.557989],[164.89,0.135302],[164.88,0.394614],[164.87,12.712117],[164.86,59.056267],[164.85,105.482564],[164.84,13.547552],[164.83,12.476911],[164.82,57.345511],[164.81,13.41842],[164.8,0.173967],[164.79,25.0015],[164.78,0.177571],[164.77,5.46482],[164.76,14.6635],[164.75,51.069769],[164.74,59.525],[164.73,4.730331],[164.72,14.095005]],"asks":[[164.74,120.271745],[164.75,140.989353],[164.76,129.244615],[164.77,104.94984],[164.78,106.66271],[164.79,135.967348],[164.8,81.397105],[164.81,75.365293],[164.82,209.213565],[164.83,130.502377],[164.84,61.515118],[164.85,153.640374],[164.86,97.362506],[164.87,159.047224],[164.88,232.646809],[164.89,146.205065],[164.9,128.431021],[164.91,100.321284],[164.92,127.137106],[164.93,81.227342]]},"raw":{}}
{"exchange":"okx","instance_id":"A","symbol":"SOL-USD","event_ts":1762205102.103,"seq":0,"depth":{"last_seq":0,"bids":[[164.91,42.0935],[164.9,53.557989],[164.89,0.135302],[164.88,0.394614],[164.87,12.712117],[164.86,59.056267],[164.85,105.482564],[164.84,13.547552],[164.83,12.476911],[164.82,57.345511],[164.81,13.41842],[164.8,0.173967],[164.79,25.0015],[164.78,0.177571],[164.77,5.46482],[164.76,14.6635],[164.75,51.069769],[164.74,59.525],[164.73,49.468831],[164.72,44.093282]],"asks":[[164.74,76.035115],[164.75,38.172626],[164.76,106.726335],[164.77,104.901413],[164.78,125.963421],[164.79,135.967348],[164.8,81.397105],[164.81,75.365293],[164.82,209.213565],[164.83,130.502377],[164.84,61.515118],[164.85,153.640374],[164.86,97.362506],[164.87,159.047224],[164.88,232.646809],[164.89,146.205065],[164.9,128.431021],[164.91,100.321284],[164.92,127.137106],[164.93,81.227342]]},"raw":{}}
{"exchange":"okx","instance_id":"A","symbol":"SOL-USD","event_ts":1762205102.203,"seq":0,"depth":{"last_seq":0,"bids":[[164.91,42.0935],[164.9,53.557989],[164.89,0.135302],[164.88,0.394614],[164.87,12.712117],[164.86,59.056267],[164.85,105.482564],[164.84,13.547552],[164.83,12.476911],[164.82,57.345511],[164.81,13.41842],[164.8,0.173967],[164.79,25.0015],[164.78,0.177571],[164.77,5.46482],[164.76,14.6635],[164.75,51.069769],[164.74,59.525],[164.73,49.468831],[164.72,44.093282]],"asks":[[164.74,75.861615],[164.75,38.172626],[164.76,106.726335],[164.77,79.901413],[164.78,125.963421],[164.79,135.967348],[164.8,81.397105],[164.81,75.365293],[164.82,209.213565],[164.83,130.502377],[164.84,61.515118],[164.85,153.640374],[164.86,97.362506],[164.87,159.047224],[164.88,232.646809],[164.89,146.205065],[164.9,128.431021],[164.91,100.321284],[164.92,127.137106],[164.93,81.227342]]},"raw":{}}
{"exchange":"okx","instance_id":"A","symbol":"SOL-USD","event_ts":1762205102.303,"seq":0,"depth":{"last_seq":0,"bids":[[164.91,42.0935],[164.9,53.557989],[164.89,0.135302],[164.88,0.394614],[164.87,12.712117],[164.86,59.056267],[164.85,105.482564],[164.84,13.547552],[164.83,12.476911],[164.82,57.345511],[164.81,13.41842],[164.8,0.173967],[164.79,25.0015],[164.78,0.177571],[164.77,5.46482],[164.76,14.6635],[164.75,51.069769],[164.74,9.67604],[164.73,63.774871],[164.72,53.048025]],"asks":[[164.74,75.861615],[164.75,0.048427],[164.76,86.101904],[164.77,72.926413],[164.78,98.470827],[164.79,104.587297],[164.8,81.397105],[164.81,75.365293],[164.82,209.213565],[164.83,130.502377],[164.84,61.515118],[164.85,153.640374],[164.86,97.362506],[164.87,159.047224],[164.88,232.646809],[164.89,146.205065],[164.9,128.431021],[164.91,100.321284],[164.92,127.137106],[164.93,81.227342]]},"raw":{}}
{"exchange":"okx","instance_id":"A","symbol":"SOL-USD","event_ts":1762205102.403,"seq":0,"depth":{"last_seq":0,"bids":[[164.91,42.0935],[164.9,53.557989],[164.89,0.135302],[164.88,0.394614],[164.87,12.712117],[164.86,59.056267],[164.85,105.482564],[164.84,13.547552],[164.83,12.476911],[164.82,57.345511],[164.81,13.41842],[164.8,0.173967],[164.79,25.0015],[164.78,0.177571],[164.77,5.46482],[164.76,20.65938],[164.75,65.689543],[164.74,116.888869],[164.73,41.42434],[164.72,44.937445]],"asks":[[164.74,75.861615],[164.75,0.048427],[164.76,86.101904],[164.77,29.307616],[164.78,29.606596],[164.79,88.940938],[164.8,98.39587],[164.81,166.698224],[164.82,209.213565],[164.83,130.502377],[164.84,61.515118],[164.85,153.640374],[164.86,97.362506],[164.87,159.047224],[164.88,232.646809],[164.89,146.205065],[164.9,128.431021],[164.91,100.321284],[164.92,127.137106],[164.93,81.227342]]},"raw":{}}
{"exchange":"okx","instance_id":"A","symbol":"SOL-USD","event_ts":1762205102.503,"seq":0,"depth":{"last_seq":0,"bids":[[164.91,42.0935],[164.9,53.557989],[164.89,0.135302],[164.88,0.394614],[164.87,12.712117],[164.86,59.056267],[164.85,105.482564],[164.84,13.547552],[164.83,12.476911],[164.82,57.345511],[164.81,13.41842],[164.8,0.173967],[164.79,25.0015],[164.78,0.177571],[164.77,5.46482],[164.76,20.65938],[164.75,52.55],[164.74,99.237809],[164.73,41.42434],[164.72,44.937445]],"asks":[[164.74,75.861615],[164.75,0.048427],[164.76,66.280749],[164.77,67.546609],[164.78,42.439511],[164.79,144.986528],[164.8,98.394669],[164.81,166.698224],[164.82,209.213565],[164.83,130.502377],[164.84,61.515118],[164.85,153.640374],[164.86,97.362506],[164.87,159.047224],[164.88,232.646809],[164.89,146.205065],[164.9,128.431021],[164.91,100.321284],[164.92,127.137106],[164.93,81.227342]]},"raw":{}}
