{"exchange":"binance","instance_id":"A","symbol":"SOL-USD","event_ts":1762349854.895,"seq":25821808941,"depth":{"last_seq":25821808941,"bids":[[158.27,112.568],[158.26,76.166],[158.25,303.579],[158.24,780.908],[158.23,1181.571],[158.22,75.417],[158.21,251.023]],"asks":[[158.28,37.641],[158.29,20.105],[158.3,58.95],[158.31,150.523],[158.32,147.838],[158.33,148.769],[158.34,133.463],[158.36,767.584],[158.37,208.877],[158.39,314.814],[158.4,239.696],[158.56,1154.422],[158.58,322.121],[158.6,984.035],[158.64,136.042],[158.65,320.339]]},"raw":{}}
{"exchange":"binance","instance_id":"A","symbol":"SOL-USD","event_ts":1762349854.995,"seq":25821808950,"depth":{"last_seq":25821808950,"bids":[[158.27,112.568],[158.26,76.166],[158.25,374.981],[158.24,844.11],[158.23,1125.743],[158.22,75.417],[158.21,251.023],[148.31,0.563]],"asks":[[158.28,37.641],[158.29,20.105],[158.3,58.95],[158.31,153.143],[158.32,148.969],[158.33,148.769],[158.34,133.463],[158.36,767.584],[158.37,208.877],[158.39,314.814],[158.4,239.696],[158.56,1154.422],[158.58,322.121],[158.6,984.035],[158.64,136.042],[158.65,320.339]]},"raw":{}}
{"exchange":"binance","instance_id":"A","symbol":"SOL-USD","event_ts":1762349855.195,"seq":25821808986,"depth":{"last_seq":25821808986,"bids":[[158.27,61.78],[158.26,66.075],[158.25,359.049],[158.24,796.908],[158.23,1124.612],[158.22,138.628],[158.21,251.023],[155.08,2.31],[148.31,0.523]],"asks":[[158.28,62.191],[158.29,30.231],[158.3,69.041],[158.31,153.143],[158.32,148.969],[158.33,148.769],[158.34,133.463],[158.36,767.584],[158.37,208.877],[158.39,314.814],[158.4,239.696],[158.56,1154.422],[158.58,322.121],[158.6,984.035],[158.64,136.042],[158.65,320.339]]},"raw":{}}
{"exchange":"binance","instance_id":"A","symbol":"SOL-USD","event_ts":1762349855.295,"seq":25821808992,"depth":{"last_seq":25821808992,"bids":[[158.27,61.78],[158.26,66.075],[158.25,359.016],[158.24,796.908],[158.23,1142.729],[158.22,139.759],[158.21,251.023],[155.08,2.31],[148.31,0.523]],"asks":[[158.28,62.191],[158.29,30.231],[158.3,106.111],[158.31,153.143],[158.32,148.969],[158.33,148.769],[158.34,133.463],[158.36,767.584],[158.37,208.877],[158.39,314.814],[158.4,239.696],[158.56,1154.422],[158.58,322.121],[158.6,984.035],[158.64,136.042],[158.65,320.339]]},"raw":{}}
{"exchange":"binance","instance_id":"A","symbol":"SOL-USD","event_ts":1762349855.395,"seq":25821809131,"depth":{"last_seq":25821809131,"bids":[[158.26,200.429],[158.25,309.819],[158.24,683.528],[158.23,1144.308],[158.22,138.696],[158.21,251.023],[158.19,1023.891],[158.08,565.484],[157.83,150.692],[155.1,6.281],[155.08,2.31],[148.31,0.523]],"asks":[[158.27,48.678],[158.28,65.611],[158.29,51.746],[158.3,95.888],[158.31,184.827],[158.32,148.935],[158.33,148.769],[158.34,133.463],[158.35,395.785],[158.36,768.084],[158.37,208.877],[158.38,155.702],[158.39,314.814],[158.4,239.696],[158.46,50.138],[158.48,1107.02],[158.49,71.196],[158.56,1173.161],[158.57,617.892],[158.58,340.86]]},"raw":{}}
{"exchange":"binance","instance_id":"A","symbol":"SOL-USD","event_ts":1762349855.495,"seq":25821809193,"depth":{"last_seq":25821809193,"bids":[[158.26,198.727],[158.25,260.342],[158.24,498.143],[158.23,1362.797],[158.22,75.485],[158.21,315.361],[158.19,1024.391],[158.18,114.733],[158.08,565.484],[157.83,150.692],[157.51,0.303],[155.1,6.281],[155.08,2.31],[155.06,554.839],[148.31,0.523]],"asks":[[158.27,138.654],[158.28,65.706],[158.29,52.178],[158.3,102.87],[158.31,121.651],[158.32,266.528],[158.33,148.769],[158.34,131.463],[158.35,395.785],[158.36,768.084],[158.37,208.377],[158.38,155.702],[158.39,314.814],[158.4,239.696],[158.46,50.138],[158.48,1107.02],[158.49,71.196],[158.56,1173.161],[158.57,617.892],[158.58,340.86]]},"raw":{}}
{"exchange":"binance","instance_id":"A","symbol":"SOL-USD","event_ts":1762349855.595,"seq":25821809260,"depth":{"last_seq":25821809260,"bids":[[158.26,0.728],[158.25,66.058],[158.24,483.443],[158.23,1128.995],[158.22,293.084],[158.21,303.679],[158.2,549.009],[158.19,1024.391],[158.18,177.956],[158.17,390.94],[158.08,565.484],[157.83,150.692],[157.51,0.303],[155.1,6.281],[155.09,12.812],[155.08,2.31],[155.06,554.839],[148.31,0.523]],"asks":[[158.27,146.537],[158.28,91.884],[158.29,62.382],[158.3,108.214],[158.31,121.651],[158.32,236.528],[158.33,148.769],[158.34,131.463],[158.35,395.785],[158.36,758.11],[158.37,208.377],[158.38,155.702],[158.39,314.814],[158.4,264.69],[158.46,50.138],[158.48,1107.02],[158.49,71.196],[158.56,1173.161],[158.57,617.892],[158.58,340.86]]},"raw":{}}
{"exchange":"binance","instance_id":"A","symbol":"SOL-USD","event_ts":1762349855.695,"seq":25821809304,"depth":{"last_seq":25821809304,"bids":[[158.26,1.955],[158.25,55.705],[158.24,483.443],[158.23,1191.217],[158.22,119.327],[158.21,442.882],[158.2,515.386],[158.19,1027.55],[158.18,177.956],[158.17,390.94],[158.14,234.549],[158.08,565.484],[157.83,150.692],[157.51,0.303],[155.1,6.281],[155.09,12.812],[155.08,0.701],[155.06,554.839],[148.31,0.523]],"asks":[[158.27,147.037],[158.28,85.475],[158.29,34.472],[158.3,108.214],[158.31,146.697],[158.32,236.528],[158.33,148.769],[158.34,131.463],[158.35,395.635],[158.36,758.11],[158.37,208.377],[158.38,155.702],[158.39,315.596],[158.4,288.9],[158.46,50.138],[158.48,1107.02],[158.49,71.196],[158.56,1173.161],[158.57,617.892],[158.58,340.86]]},"raw":{}}
{"exchange":"binance","instance_id":"A","symbol":"SOL-USD","event_ts":1762349855.795,"seq":25821809315,"depth":{"last_seq":25821809315,"bids":[[158.26,1.955],[158.25,55.205],[158.24,483.443],[158.23,1138.05],[158.22,157.068],[158.21,444.013],[158.2,515.386],[158.19,1027.55],[158.18,177.956],[158.17,390.94],[158.16,1019.435],[158.14,234.549],[158.08,565.484],[157.83,150.692],[157.51,0.303],[155.1,6.281],[155.09,12.812],[155.08,0.701],[155.06,554.839],[148.31,0.523]],"asks":[[158.27,148.649],[158.28,66.105],[158.29,34.472],[158.3,121.52],[158.31,136.238],[158.32,236.528],[158.33,148.769],[158.34,131.463],[158.35,395.635],[158.36,758.11],[158.37,208.377],[158.38,155.702],[158.39,315.596],[158.4,288.9],[158.46,50.138],[158.48,1107.02],[158.49,71.196],[158.56,1173.161],[158.57,617.892],[158.58,340.86]]},"raw":{}}
{"exchange":"binance","instance_id":"A","symbol":"SOL-USD","event_ts":1762349855.895,"seq":25821809403,"depth":{"last_seq":25821809403,"bids":[[158.25,10.713],[158.24,483.476],[158.23,1138.05],[158.22,125.382],[158.21,442.95],[158.2,515.386],[158.19,1027.55],[158.18,177.988],[158.17,390.94],[158.16,1019.435],[158.14,234.549],[158.08,565.484],[158.07,88.465],[157.83,150.692],[157.51,0.303],[155.66,21.231],[155.1,6.281],[155.09,12.812],[155.08,0.701],[155.06,554.839]],"asks":[[158.26,416.512],[158.27,54.852],[158.28,66.105],[158.29,34.472],[158.3,123.52],[158.31,136.204],[158.32,234.528],[158.33,148.769],[158.34,131.431],[158.35,395.635],[158.36,758.11],[158.37,208.377],[158.38,155.702],[158.39,315.596],[158.4,288.9],[158.45,200.349],[158.46,50.138],[158.48,1107.02],[158.49,71.196],[158.56,1173.161]]},"raw":{}}
{"exchange":"binance","instance_id":"A","symbol":"SOL-USD","event_ts":1762349855.995,"seq":25821809419,"depth":{"last_seq":25821809419,"bids":[[158.25,10.665],[158.24,483.476],[158.23,1130.812],[158.22,125.382],[158.21,445.377],[158.2,515.386],[158.19,1027.55],[158.18,177.988],[158.17,390.94],[158.16,1019.435],[158.15,1055.509],[158.14,234.549],[158.08,565.484],[158.07,88.465],[157.83,150.692],[157.82,30.519],[157.51,0.303],[157.5,32.851],[155.66,21.231],[155.1,6.281]],"asks":[[158.26,416.512],[158.27,54.852],[158.28,66.105],[158.29,45.773],[158.3,110.214],[158.31,136.204],[158.32,234.528],[158.33,148.769],[158.34,131.431],[158.35,395.635],[158.36,758.11],[158.37,280.076],[158.38,155.702],[158.39,255.006],[158.4,288.9],[158.45,200.349],[158.46,50.138],[158.48,1107.02],[158.49,71.196],[158.56,1173.161]]},"raw":{}}
{"exchange":"binance","instance_id":"A","symbol":"SOL-USD","event_ts":1762349856.095,"seq":25821809424,"depth":{"last_seq":25821809424,"bids":[[158.25,10.665],[158.24,483.476],[158.23,1113.106],[158.22,125.382],[158.21,445.377],[158.2,515.386],[158.19,1027.55],[158.18,177.988],[158.17,390.94],[158.16,1019.435],[158.15,1055.509],[158.14,234.549],[158.08,565.484],[158.07,88.465],[157.83,150.692],[157.82,30.519],[157.51,0.303],[157.5,32.851],[155.66,21.231],[155.1,6.281]],"asks":[[158.26,416.512],[158.27,54.852],[158.28,75.599],[158.29,45.773],[158.3,110.214],[158.31,136.204],[158.32,234.528],[158.33,148.769],[158.34,131.431],[158.35,395.635],[158.36,758.11],[158.37,280.076],[158.38,155.702],[158.39,255.006],[158.4,288.9],[158.45,200.349],[158.46,50.138],[158.48,1107.02],[158.49,71.196],[158.56,1173.161]]},"raw":{}}
{"exchange":"binance","instance_id":"A","symbol":"SOL-USD","event_ts":1762349856.195,"seq":25821809428,"depth":{"last_seq":25821809428,"bids":[[158.25,10.665],[158.24,483.476],[158.23,1113.106],[158.22,125.382],[158.21,445.377],[158.2,515.386],[158.19,1027.55],[158.18,177.988],[158.17,390.94],[158.16,1019.435],[158.15,1055.509],[158.14,234.549],[158.08,565.484],[158.07,88.465],[157.84,34.778],[157.83,150.692],[157.82,30.519],[157.51,0.303],[157.5,32.851],[155.66,21.231]],"asks":[[158.26,416.705],[158.27,54.852],[158.28,75.599],[158.29,45.773],[158.3,110.214],[158.31,136.204],[158.32,234.528],[158.33,148.769],[158.34,131.431],[158.35,395.635],[158.36,758.11],[158.37,280.076],[158.38,155.702],[158.39,255.006],[158.4,288.9],[158.45,201.682],[158.46,50.138],[158.48,1107.02],[158.49,69.863],[158.56,1173.161]]},"raw":{}}
{"exchange":"binance","instance_id":"A","symbol":"SOL-USD","event_ts":1762349856.295,"seq":25821809431,"depth":{"last_seq":25821809431,"bids":[[158.25,10.665],[158.24,334.63],[158.23,1113.106],[158.22,125.382],[158.21,445.377],[158.2,515.386],[158.19,1027.55],[158.18,177.988],[158.17,390.94],[158.16,1019.435],[158.15,1055.509],[158.14,234.549],[158.08,565.484],[158.07,88.465],[157.84,34.778],[157.83,150.692],[157.82,30.519],[157.51,0.303],[157.5,32.851],[155.66,21.231]],"asks":[[158.26,416.705],[158.27,54.852],[158.28,75.599],[158.29,45.773],[158.3,110.214],[158.31,136.204],[158.32,234.528],[158.33,148.769],[158.34,131.431],[158.35,395.635],[158.36,758.11],[158.37,280.076],[158.38,155.702],[158.39,255.006],[158.4,288.9],[158.45,201.682],[158.46,50.138],[158.48,1107.02],[158.49,69.863],[158.56,1173.161]]},"raw":{}}
{"exchange":"binance","instance_id":"A","symbol":"SOL-USD","event_ts":1762349856.395,"seq":25821809624,"depth":{"last_seq":25821809624,"bids":[[158.24,1.858],[158.23,19.13],[158.22,111.446],[158.21,209.023],[158.2,798.282],[158.19,1021.55],[158.18,177.988],[158.17,390.972],[158.16,1019.435],[158.15,1056.409],[158.14,123.077],[158.1,171.308],[158.09,477.07],[158.08,565.484],[158.07,88.465],[158.06,78.372],[158.03,178.321],[157.97,1009.555],[157.96,55.574],[157.93,772.966]],"asks":[[158.25,405.985],[158.26,177.61],[158.27,55.028],[158.28,37.344],[158.29,77.46],[158.3,124.797],[158.31,149.387],[158.32,233.397],[158.33,304.027],[158.34,133.272],[158.35,379.841],[158.36,742.307],[158.37,280.076],[158.38,241.214],[158.39,223.428],[158.4,313.892],[158.42,417.718],[158.44,702.621],[158.45,201.682],[158.46,68.874]]},"raw":{}}
{"exchange":"binance","instance_id":"A","symbol":"SOL-USD","event_ts":1762349856.495,"seq":25821809683,"depth":{"last_seq":25821809683,"bids":[[158.24,1.858],[158.23,16.51],[158.22,43.897],[158.21,285.466],[158.2,444.141],[158.19,1287.203],[158.18,192.04],[158.17,394.131],[158.16,1019.435],[158.15,1020.957],[158.14,123.077],[158.12,447.608],[158.1,239.77],[158.09,477.07],[158.08,565.484],[158.07,88.465],[158.06,78.372],[158.03,178.321],[158.0,771.994],[157.97,1011.221]],"asks":[[158.25,407.597],[158.26,177.61],[158.27,45.799],[158.28,52.904],[158.29,78.591],[158.3,147.433],[158.31,268.419],[158.32,233.397],[158.33,304.027],[158.34,130.114],[158.35,451.549],[158.36,742.307],[158.37,230.238],[158.38,241.214],[158.39,1174.45],[158.4,313.892],[158.41,213.378],[158.42,417.718],[158.44,702.621],[158.45,201.682]]},"raw":{}}
{"exchange":"binance","instance_id":"A","symbol":"SOL-USD","event_ts":1762349856.595,"seq":25821809859,"depth":{"last_seq":25821809859,"bids":[[158.22,92.038],[158.21,163.828],[158.2,476.305],[158.19,1192.544],[158.18,192.143],[158.17,394.131],[158.16,1019.467],[158.15,1020.989],[158.14,123.077],[158.13,189.408],[158.12,447.608],[158.1,239.77],[158.09,477.07],[158.08,565.484],[158.07,88.465],[158.06,78.372],[158.05,365.845],[158.04,1073.384],[158.03,178.321],[158.0,771.994]],"asks":[[158.23,164.773],[158.24,74.442],[158.25,152.942],[158.26,177.61],[158.27,45.799],[158.28,83.681],[158.29,78.589],[158.3,147.433],[158.31,268.419],[158.32,233.365],[158.33,272.445],[158.34,130.114],[158.35,451.549],[158.36,742.307],[158.37,230.238],[158.38,241.214],[158.39,1174.45],[158.4,313.892],[158.41,213.378],[158.42,417.686]]},"raw":{}}
{"exchange":"binance","instance_id":"A","symbol":"SOL-USD","event_ts":1762349856.695,"seq":25821809923,"depth":{"last_seq":25821809923,"bids":[[158.22,54.07],[158.21,175.597],[158.2,413.086],[158.19,1226.352],[158.18,164.905],[158.17,414.233],[158.16,1002.753],[158.15,1020.989],[158.14,131.347],[158.13,211.369],[158.12,457.986],[158.11,1060.833],[158.1,239.77],[158.09,477.07],[158.08,565.484],[158.07,88.465],[158.06,78.372],[158.05,365.845],[158.04,1073.384],[158.03,178.321]],"asks":[[158.23,164.773],[158.24,74.442],[158.25,164.058],[158.26,177.546],[158.27,85.453],[158.28,84.945],[158.29,88.246],[158.3,192.719],[158.31,268.419],[158.32,260.668],[158.33,272.445],[158.34,130.114],[158.35,451.549],[158.36,742.307],[158.37,230.238],[158.38,482.145],[158.39,1193.821],[158.4,338.887],[158.41,213.378],[158.42,345.235]]},"raw":{}}
{"exchange":"binance","instance_id":"A","symbol":"SOL-USD","event_ts":1762349856.795,"seq":25821809952,"depth":{"last_seq":25821809952,"bids":[[158.22,74.958],[158.21,158.99],[158.2,413.15],[158.19,1226.352],[158.18,164.905],[158.17,414.233],[158.16,1002.753],[158.15,1020.989],[158.14,131.347],[158.13,211.369],[158.12,457.986],[158.11,1060.833],[158.1,239.77],[158.09,477.07],[158.08,565.484],[158.07,88.465],[158.06,78.372],[158.05,365.845],[158.04,1073.666],[158.03,178.321]],"asks":[[158.23,157.797],[158.24,74.442],[158.25,159.265],[158.26,184.164],[158.27,85.488],[158.28,84.945],[158.29,86.982],[158.3,192.719],[158.31,268.419],[158.32,260.633],[158.33,272.445],[158.34,130.114],[158.35,451.549],[158.36,742.307],[158.37,299.361],[158.38,482.145],[158.39,1193.821],[158.4,338.887],[158.41,213.378],[158.42,219.14]]},"raw":{}}
{"exchange":"binance","instance_id":"A","symbol":"SOL-USD","event_ts":1762349856.895,"seq":25821809960,"depth":{"last_seq":25821809960,"bids":[[158.22,74.958],[158.21,158.99],[158.2,413.15],[158.19,1226.352],[158.18,164.905],[158.17,414.233],[158.16,1002.753],[158.15,1020.989],[158.14,131.347],[158.13,211.369],[158.12,457.986],[158.11,1060.833],[158.1,239.77],[158.09,477.07],[158.08,565.484],[158.07,88.465],[158.06,78.372],[158.05,365.845],[158.04,1073.666],[158.03,178.321]],"asks":[[158.23,162.99],[158.24,74.442],[158.25,159.265],[158.26,183.971],[158.27,85.488],[158.28,84.945],[158.29,86.982],[158.3,192.719],[158.31,268.419],[158.32,260.633],[158.33,272.445],[158.34,130.114],[158.35,451.549],[158.36,742.307],[158.37,299.361],[158.38,482.145],[158.39,1193.821],[158.4,338.887],[158.41,179.431],[158.42,219.14]]},"raw":{}}
{"exchange":"binance","instance_id":"A","symbol":"SOL-USD","event_ts":1762349856.995,"seq":25821809965,"depth":{"last_seq":25821809965,"bids":[[158.22,74.958],[158.21,158.99],[158.2,413.15],[158.19,1289.572],[158.18,164.905],[158.17,414.233],[158.16,1002.753],[158.15,1020.989],[158.14,131.347],[158.13,211.369],[158.12,457.986],[158.11,1060.833],[158.1,239.77],[158.09,477.07],[158.08,565.484],[158.07,88.465],[158.06,78.372],[158.05,365.845],[158.04,1073.666],[158.03,178.321]],"asks":[[158.23,162.99],[158.24,74.442],[158.25,159.265],[158.26,183.971],[158.27,85.488],[158.28,84.945],[158.29,86.982],[158.3,192.719],[158.31,268.419],[158.32,260.633],[158.33,272.445],[158.34,130.114],[158.35,451.549],[158.36,742.307],[158.37,299.361],[158.38,482.145],[158.39,1193.821],[158.4,316.43],[158.41,179.431],[158.42,219.14]]},"raw":{}}
{"exchange":"binance","instance_id":"A","symbol":"SOL-USD","event_ts":1762349857.095,"seq":25821809970,"depth":{"last_seq":25821809970,"bids":[[158.22,74.958],[158.21,158.99],[158.2,413.15],[158.19,1289.572],[158.18,164.938],[158.17,414.233],[158.16,1002.753],[158.15,1020.989],[158.14,131.347],[158.13,211.369],[158.12,457.986],[158.11,1060.833],[158.1,239.77],[158.09,477.07],[158.08,565.484],[158.07,88.465],[158.06,78.372],[158.05,365.845],[158.04,1073.666],[158.03,178.321]],"asks":[[158.23,162.99],[158.24,74.442],[158.25,159.265],[158.26,183.971],[158.27,85.488],[158.28,84.945],[158.29,86.982],[158.3,192.719],[158.31,268.419],[158.32,260.633],[158.33,272.445],[158.34,130.114],[158.35,451.549],[158.36,742.307],[158.37,230.238],[158.38,482.145],[158.39,1193.821],[158.4,316.43],[158.41,179.431],[158.42,219.14]]},"raw":{}}
{"exchange":"binance","instance_id":"A","symbol":"SOL-USD","event_ts":1762349857.195,"seq":25821809980,"depth":{"last_seq":25821809980,"bids":[[158.22,76.185],[158.21,158.99],[158.2,413.15],[158.19,1289.572],[158.18,164.938],[158.17,414.233],[158.16,1002.753],[158.15,1020.989],[158.14,131.347],[158.13,211.369],[158.12,457.986],[158.11,1060.833],[158.1,239.77],[158.09,477.07],[158.08,565.484],[158.07,88.465],[158.06,78.372],[158.05,365.845],[158.04,1073.666],[158.03,178.321]],"asks":[[158.23,164.602],[158.24,74.442],[158.25,159.265],[158.26,183.971],[158.27,85.488],[158.28,84.945],[158.29,86.982],[158.3,192.719],[158.31,268.419],[158.32,260.633],[158.33,272.445],[158.34,130.114],[158.35,451.549],[158.36,742.307],[158.37,230.238],[158.38,482.145],[158.39,1193.821],[158.4,316.43],[158.41,205.279],[158.42,219.14]]},"raw":{}}
{"exchange":"binance","instance_id":"A","symbol":"SOL-USD","event_ts":1762349857.295,"seq":25821809982,"depth":{"last_seq":25821809982,"bids":[[158.22,76.185],[158.21,158.99],[158.2,413.15],[158.19,1289.572],[158.18,164.938],[158.17,414.233],[158.16,1002.753],[158.15,1020.989],[158.14,131.347],[158.13,211.369],[158.12,457.986],[158.11,1060.833],[158.1,239.77],[158.09,477.07],[158.08,565.484],[158.07,88.465],[158.06,78.372],[158.05,365.845],[158.04,1073.666],[158.03,178.321]],"asks":[[158.23,164.547],[158.24,74.442],[158.25,159.265],[158.26,183.971],[158.27,85.488],[158.28,84.945],[158.29,86.982],[158.3,192.719],[158.31,268.419],[158.32,260.633],[158.33,272.445],[158.34,130.114],[158.35,451.549],[158.36,742.307],[158.37,230.238],[158.38,482.145],[158.39,1193.821],[158.4,332.808],[158.41,205.279],[158.42,219.14]]},"raw":{}}
{"exchange":"binance","instance_id":"A","symbol":"SOL-USD","event_ts":1762349857.395,"seq":25821809992,"depth":{"last_seq":25821809992,"bids":[[158.22,76.185],[158.21,158.99],[158.2,413.15],[158.19,1289.572],[158.18,164.938],[158.17,413.833],[158.16,1002.753],[158.15,1020.989],[158.14,131.347],[158.13,211.369],[158.12,458.386],[158.11,1060.833],[158.1,239.77],[158.09,477.07],[158.08,565.484],[158.07,88.465],[158.06,78.372],[158.05,365.845],[158.04,1073.666],[158.03,178.321]],"asks":[[158.23,164.547],[158.24,74.442],[158.25,159.265],[158.26,183.971],[158.27,85.888],[158.28,84.945],[158.29,86.982],[158.3,192.719],[158.31,268.419],[158.32,260.633],[158.33,272.445],[158.34,129.714],[158.35,452.331],[158.36,742.307],[158.37,230.238],[158.38,482.145],[158.39,1193.039],[158.4,332.808],[158.41,205.279],[158.42,219.14]]},"raw":{}}
{"exchange":"binance","instance_id":"A","symbol":"SOL-USD","event_ts":1762349857.495,"seq":25821809994,"depth":{"last_seq":25821809994,"bids":[[158.22,76.185],[158.21,158.99],[158.2,413.15],[158.19,1289.572],[158.18,164.938],[158.17,413.833],[158.16,1002.753],[158.15,1020.989],[158.14,131.347],[158.13,211.369],[158.12,458.386],[158.11,1060.833],[158.1,239.77],[158.09,477.07],[158.08,565.484],[158.07,88.465],[158.06,78.372],[158.05,365.845],[158.04,1073.666],[158.03,178.321]],"asks":[[158.23,159.313],[158.24,74.442],[158.25,159.265],[158.26,183.971],[158.27,85.888],[158.28,84.945],[158.29,86.982],[158.3,192.719],[158.31,268.419],[158.32,260.633],[158.33,272.445],[158.34,129.714],[158.35,452.331],[158.36,742.307],[158.37,230.238],[158.38,482.145],[158.39,1193.039],[158.4,332.808],[158.41,205.279],[158.42,219.14]]},"raw":{}}
{"exchange":"binance","instance_id":"A","symbol":"SOL-USD","event_ts":1762349857.595,"seq":25821810131,"depth":{"last_seq":25821810131,"bids":[[158.21,136.408],[158.2,403.15],[158.19,1205.668],[158.18,159.41],[158.17,412.803],[158.16,1065.988],[158.15,1020.989],[158.14,131.379],[158.13,215.478],[158.12,458.386],[158.11,1060.833],[158.1,239.77],[158.09,477.07],[158.08,565.484],[158.07,88.465],[158.06,78.372],[158.05,365.845],[158.04,1073.666],[158.03,178.353],[158.02,59.484]],"asks":[[158.22,217.296],[158.23,68.501],[158.24,108.743],[158.25,159.195],[158.26,153.669],[158.27,147.813],[158.28,83.713],[158.29,86.982],[158.3,192.687],[158.31,268.419],[158.32,238.263],[158.33,272.445],[158.34,129.714],[158.35,452.331],[158.36,742.307],[158.37,230.238],[158.38,462.415],[158.39,1193.039],[158.4,332.808],[158.41,205.247]]},"raw":{}}
{"exchange":"binance","instance_id":"A","symbol":"SOL-USD","event_ts":1762349857.695,"seq":25821810154,"depth":{"last_seq":25821810154,"bids":[[158.21,135.908],[158.2,403.15],[158.19,1205.668],[158.18,145.358],[158.17,409.644],[158.16,560.389],[158.15,1024.149],[158.14,131.379],[158.13,215.478],[158.12,387.074],[158.11,1060.833],[158.1,239.77],[158.09,477.07],[158.08,565.484],[158.07,88.465],[158.06,78.372],[158.05,365.845],[158.04,1073.666],[158.03,178.353],[158.02,59.484]],"asks":[[158.22,217.5],[158.23,69.001],[158.24,108.807],[158.25,159.195],[158.26,172.915],[158.27,147.813],[158.28,82.45],[158.29,86.982],[158.3,192.687],[158.31,274.183],[158.32,238.263],[158.33,344.162],[158.34,129.714],[158.35,380.623],[158.36,742.307],[158.37,230.238],[158.38,462.415],[158.39,1193.039],[158.4,332.808],[158.41,205.247]]},"raw":{}}
{"exchange":"binance","instance_id":"A","symbol":"SOL-USD","event_ts":1762349857.795,"seq":25821810167,"depth":{"last_seq":25821810167,"bids":[[158.21,120.16],[158.2,403.15],[158.19,1191.703],[158.18,145.358],[158.17,292.895],[158.16,560.389],[158.15,1024.149],[158.14,131.379],[158.13,199.325],[158.12,387.074],[158.11,1060.833],[158.1,239.77],[158.09,477.07],[158.08,565.484],[158.07,88.465],[158.06,78.372],[158.05,365.845],[158.04,1073.666],[158.03,178.353],[158.02,49.573]],"asks":[[158.22,217.5],[158.23,69.001],[158.24,108.807],[158.25,159.195],[158.26,172.915],[158.27,147.813],[158.28,82.45],[158.29,86.982],[158.3,192.687],[158.31,274.183],[158.32,238.263],[158.33,344.162],[158.34,129.714],[158.35,380.623],[158.36,742.307],[158.37,230.238],[158.38,462.415],[158.39,1193.039],[158.4,332.808],[158.41,205.247]]},"raw":{}}
{"exchange":"binance","instance_id":"A","symbol":"SOL-USD","event_ts":1762349857.895,"seq":25821810172,"depth":{"last_seq":25821810172,"bids":[[158.21,120.105],[158.2,403.15],[158.19,1191.703],[158.18,123.039],[158.17,292.895],[158.16,560.389],[158.15,1024.149],[158.14,131.379],[158.13,199.325],[158.12,387.074],[158.11,1060.833],[158.1,239.77],[158.09,477.07],[158.08,565.484],[158.07,88.465],[158.06,78.372],[158.05,365.845],[158.04,1073.666],[158.03,178.353],[158.02,49.573]],"asks":[[158.22,217.5],[158.23,69.001],[158.24,108.807],[158.25,159.195],[158.26,172.915],[158.27,147.813],[158.28,81.447],[158.29,86.982],[158.3,192.687],[158.31,274.183],[158.32,238.263],[158.33,344.162],[158.34,129.714],[158.35,380.623],[158.36,742.307],[158.37,230.238],[158.38,462.415],[158.39,1193.039],[158.4,332.808],[158.41,205.247]]},"raw":{}}
{"exchange":"binance","instance_id":"A","symbol":"SOL-USD","event_ts":1762349857.995,"seq":25821810213,"depth":{"last_seq":25821810213,"bids":[[158.21,117.485],[158.2,383.356],[158.19,1004.113],[158.18,130.603],[158.17,463.54],[158.16,595.156],[158.15,1024.149],[158.14,131.379],[158.13,199.325],[158.12,387.074],[158.11,1060.833],[158.1,239.77],[158.09,477.07],[158.08,565.484],[158.07,88.465],[158.06,78.372],[158.05,365.845],[158.04,1073.666],[158.03,178.353],[158.02,49.573]],"asks":[[158.22,217.5],[158.23,86.707],[158.24,108.807],[158.25,191.815],[158.26,172.915],[158.27,147.813],[158.28,48.827],[158.29,207.277],[158.3,192.687],[158.31,274.183],[158.32,268.589],[158.33,344.162],[158.34,129.714],[158.35,390.132],[158.36,750.903],[158.37,230.238],[158.38,462.415],[158.39,1193.039],[158.4,348.303],[158.41,196.651]]},"raw":{}}
{"exchange":"binance","instance_id":"A","symbol":"SOL-USD","event_ts":1762349858.095,"seq":25821810233,"depth":{"last_seq":25821810233,"bids":[[158.21,118.712],[158.2,383.356],[158.19,1006.733],[158.18,184.05],[158.17,463.54],[158.16,595.156],[158.15,1024.149],[158.14,131.379],[158.13,199.325],[158.12,387.074],[158.11,1060.833],[158.1,239.77],[158.09,477.07],[158.08,565.484],[158.07,88.465],[158.06,78.372],[158.05,365.845],[158.04,1073.666],[158.03,178.353],[158.02,49.573]],"asks":[[158.22,219.112],[158.23,86.74],[158.24,116.466],[158.25,191.815],[158.26,172.915],[158.27,139.689],[158.28,199.562],[158.29,208.857],[158.3,192.687],[158.31,274.183],[158.32,268.589],[158.33,344.162],[158.34,129.714],[158.35,390.132],[158.36,750.903],[158.37,230.238],[158.38,462.415],[158.39,1193.039],[158.4,348.303],[158.41,188.509]]},"raw":{}}
{"exchange":"binance","instance_id":"A","symbol":"SOL-USD","event_ts":1762349858.195,"seq":25821810243,"depth":{"last_seq":25821810243,"bids":[[158.21,118.712],[158.2,383.356],[158.19,1006.733],[158.18,217.295],[158.17,463.54],[158.16,595.156],[158.15,1024.149],[158.14,131.379],[158.13,199.325],[158.12,387.074],[158.11,1060.833],[158.1,239.77],[158.09,477.07],[158.08,565.484],[158.07,88.465],[158.06,78.372],[158.05,365.845],[158.04,1073.666],[158.03,178.353],[158.02,49.573]],"asks":[[158.22,219.112],[158.23,86.74],[158.24,116.466],[158.25,191.815],[158.26,172.915],[158.27,185.238],[158.28,199.562],[158.29,208.857],[158.3,192.687],[158.31,274.183],[158.32,268.589],[158.33,344.162],[158.34,129.714],[158.35,390.132],[158.36,750.903],[158.37,230.238],[158.38,462.415],[158.39,1193.039],[158.4,348.303],[158.41,188.509]]},"raw":{}}
{"exchange":"binance","instance_id":"A","symbol":"SOL-USD","event_ts":1762349858.295,"seq":25821810257,"depth":{"last_seq":25821810257,"bids":[[158.21,118.712],[158.2,383.356],[158.19,1023.064],[158.18,217.61],[158.17,463.54],[158.16,595.156],[158.15,1024.149],[158.14,131.379],[158.13,199.325],[158.12,387.074],[158.11,1060.833],[158.1,239.77],[158.09,477.07],[158.08,565.484],[158.07,88.465],[158.06,78.372],[158.05,365.845],[158.04,1073.666],[158.03,178.353],[158.02,49.573]],"asks":[[158.22,186.793],[158.23,86.774],[158.24,116.5],[158.25,191.849],[158.26,172.949],[158.27,185.238],[158.28,199.562],[158.29,208.857],[158.3,192.687],[158.31,274.183],[158.32,268.589],[158.33,344.162],[158.34,130.496],[158.35,389.35],[158.36,750.903],[158.37,230.238],[158.38,462.415],[158.39,1193.039],[158.4,348.303],[158.41,188.509]]},"raw":{}}
{"exchange":"binance","instance_id":"A","symbol":"SOL-USD","event_ts":1762349858.395,"seq":25821810267,"depth":{"last_seq":25821810267,"bids":[[158.21,118.367],[158.2,383.356],[158.19,1023.064],[158.18,217.61],[158.17,463.94],[158.16,595.156],[158.15,1024.149],[158.14,131.379],[158.13,199.325],[158.12,387.074],[158.11,1060.833],[158.1,239.77],[158.09,477.07],[158.08,565.484],[158.07,88.465],[158.06,78.372],[158.05,365.845],[158.04,1073.666],[158.03,178.353],[158.02,49.573]],"asks":[[158.22,186.796],[158.23,86.774],[158.24,116.5],[158.25,191.849],[158.26,172.949],[158.27,185.27],[158.28,199.562],[158.29,208.857],[158.3,192.687],[158.31,274.183],[158.32,268.589],[158.33,344.162],[158.34,130.496],[158.35,389.35],[158.36,750.903],[158.37,230.238],[158.38,462.415],[158.39,1193.039],[158.4,348.303],[158.41,188.509]]},"raw":{}}
{"exchange":"binance","instance_id":"A","symbol":"SOL-USD","event_ts":1762349858.495,"seq":25821810279,"depth":{"last_seq":25821810279,"bids":[[158.21,86.935],[158.2,383.356],[158.19,1006.733],[158.18,217.925],[158.17,463.94],[158.16,608.888],[158.15,1024.149],[158.14,131.379],[158.13,199.325],[158.12,387.074],[158.11,1060.833],[158.1,239.77],[158.09,477.07],[158.08,565.484],[158.07,88.465],[158.06,78.372],[158.05,365.845],[158.04,1073.666],[158.03,178.353],[158.02,49.573]],"asks":[[158.22,186.796],[158.23,86.774],[158.24,116.5],[158.25,191.849],[158.26,172.949],[158.27,185.27],[158.28,199.562],[158.29,208.857],[158.3,192.687],[158.31,274.183],[158.32,268.589],[158.33,344.162],[158.34,130.496],[158.35,389.35],[158.36,750.903],[158.37,230.238],[158.38,462.415],[158.39,1193.039],[158.4,348.303],[158.41,188.509]]},"raw":{}}
{"exchange":"binance","instance_id":"A","symbol":"SOL-USD","event_ts":1762349858.595,"seq":25821810284,"depth":{"last_seq":25821810284,"bids":[[158.21,87.203],[158.2,383.356],[158.19,1006.733],[158.18,217.925],[158.17,463.94],[158.16,610.019],[158.15,1024.149],[158.14,131.379],[158.13,199.325],[158.12,387.074],[158.11,1060.833],[158.1,239.77],[158.09,477.07],[158.08,565.484],[158.07,88.465],[158.06,78.372],[158.05,365.845],[158.04,1073.666],[158.03,178.353],[158.02,49.573]],"asks":[[158.22,186.796],[158.23,86.774],[158.24,116.5],[158.25,191.849],[158.26,172.949],[158.27,185.27],[158.28,199.562],[158.29,208.857],[158.3,192.687],[158.31,274.183],[158.32,268.589],[158.33,344.162],[158.34,130.496],[158.35,389.35],[158.36,750.903],[158.37,230.238],[158.38,462.415],[158.39,1193.039],[158.4,348.303],[158.41,188.509]]},"raw":{}}
{"exchange":"binance","instance_id":"A","symbol":"SOL-USD","event_ts":1762349858.695,"seq":25821810286,"depth":{"last_seq":25821810286,"bids":[[158.21,87.203],[158.2,383.356],[158.19,1006.733],[158.18,217.925],[158.17,463.94],[158.16,610.019],[158.15,1024.149],[158.14,131.379],[158.13,199.325],[158.12,387.074],[158.11,1060.833],[158.1,239.77],[158.09,477.07],[158.08,565.484],[158.07,88.465],[158.06,78.372],[158.05,365.845],[158.04,1073.666],[158.03,178.353],[158.02,49.573]],"asks":[[158.22,186.796],[158.23,86.774],[158.24,116.5],[158.25,191.849],[158.26,172.949],[158.27,185.27],[158.28,199.562],[158.29,208.857],[158.3,192.687],[158.31,274.183],[158.32,268.589],[158.33,344.162],[158.34,130.496],[158.35,389.35],[158.36,750.903],[158.37,230.238],[158.38,462.415],[158.39,1193.039],[158.4,348.303],[158.41,188.509]]},"raw":{}}
{"exchange":"binance","instance_id":"A","symbol":"SOL-USD","event_ts":1762349858.795,"seq":25821810326,"depth":{"last_seq":25821810326,"bids":[[158.21,98.576],[158.2,383.288],[158.19,1069.887],[158.18,154.698],[158.17,463.94],[158.16,608.888],[158.15,1024.149],[158.14,131.379],[158.13,199.825],[158.12,386.574],[158.11,1060.833],[158.1,239.77],[158.09,477.07],[158.08,565.484],[158.07,88.465],[158.06,78.372],[158.05,365.845],[158.04,1073.666],[158.03,178.353],[158.02,49.573]],"asks":[[158.22,41.007],[158.23,69.068],[158.24,116.568],[158.25,175.917],[158.26,252.147],[158.27,185.27],[158.28,199.562],[158.29,208.857],[158.3,192.687],[158.31,274.183],[158.32,268.589],[158.33,363.135],[158.34,130.496],[158.35,389.35],[158.36,750.903],[158.37,230.238],[158.38,462.415],[158.39,1193.039],[158.4,348.303],[158.41,188.509]]},"raw":{}}
{"exchange":"binance","instance_id":"A","symbol":"SOL-USD","event_ts":1762349858.895,"seq":25821810335,"depth":{"last_seq":25821810335,"bids":[[158.21,87.065],[158.2,383.356],[158.19,1055.176],[158.18,154.698],[158.17,465.071],[158.16,608.888],[158.15,1024.149],[158.14,131.379],[158.13,199.825],[158.12,386.574],[158.11,1060.833],[158.1,239.77],[158.09,477.07],[158.08,565.484],[158.07,88.465],[158.06,78.372],[158.05,365.845],[158.04,1073.666],[158.03,178.353],[158.02,49.573]],"asks":[[158.22,41.007],[158.23,69.068],[158.24,116.568],[158.25,175.849],[158.26,252.147],[158.27,185.27],[158.28,199.562],[158.29,208.857],[158.3,192.687],[158.31,274.183],[158.32,268.589],[158.33,363.135],[158.34,130.496],[158.35,389.35],[158.36,750.903],[158.37,230.238],[158.38,462.415],[158.39,1193.039],[158.4,348.303],[158.41,188.509]]},"raw":{}}
{"exchange":"binance","instance_id":"A","symbol":"SOL-USD","event_ts":1762349858.995,"seq":25821810343,"depth":{"last_seq":25821810343,"bids":[[158.21,82.957],[158.2,383.356],[158.19,1055.244],[158.18,154.698],[158.17,465.071],[158.16,608.888],[158.15,1024.149],[158.14,131.379],[158.13,199.825],[158.12,386.574],[158.11,1060.833],[158.1,239.77],[158.09,477.07],[158.08,565.484],[158.07,88.465],[158.06,78.372],[158.05,365.845],[158.04,1073.666],[158.03,178.353],[158.02,49.573]],"asks":[[158.22,114.218],[158.23,69.068],[158.24,116.5],[158.25,175.849],[158.26,188.949],[158.27,185.27],[158.28,199.562],[158.29,208.857],[158.3,192.687],[158.31,274.183],[158.32,268.589],[158.33,363.135],[158.34,130.496],[158.35,389.35],[158.36,750.903],[158.37,230.238],[158.38,462.415],[158.39,1193.039],[158.4,348.303],[158.41,188.509]]},"raw":{}}
{"exchange":"binance","instance_id":"A","symbol":"SOL-USD","event_ts":1762349859.095,"seq":25821810345,"depth":{"last_seq":25821810345,"bids":[[158.21,82.902],[158.2,383.356],[158.19,1055.244],[158.18,154.698],[158.17,465.071],[158.16,608.888],[158.15,1024.149],[158.14,131.379],[158.13,199.825],[158.12,386.574],[158.11,1060.833],[158.1,239.77],[158.09,477.07],[158.08,565.484],[158.07,88.465],[158.06,78.372],[158.05,365.845],[158.04,1073.666],[158.03,178.353],[158.02,49.573]],"asks":[[158.22,113.928],[158.23,69.068],[158.24,116.5],[158.25,175.849],[158.26,188.949],[158.27,185.27],[158.28,199.562],[158.29,208.857],[158.3,192.687],[158.31,274.183],[158.32,268.589],[158.33,363.135],[158.34,130.496],[158.35,389.35],[158.36,750.903],[158.37,230.238],[158.38,462.415],[158.39,1193.039],[158.4,348.303],[158.41,188.509]]},"raw":{}}
{"exchange":"binance","instance_id":"A","symbol":"SOL-USD","event_ts":1762349859.195,"seq":25821810352,"depth":{"last_seq":25821810352,"bids":[[158.21,82.902],[158.2,383.356],[158.19,992.022],[158.18,154.698],[158.17,465.071],[158.16,608.888],[158.15,1024.149],[158.14,131.379],[158.13,199.825],[158.12,386.574],[158.11,1060.833],[158.1,239.77],[158.09,477.07],[158.08,565.484],[158.07,88.465],[158.06,78.372],[158.05,365.845],[158.04,1073.666],[158.03,178.353],[158.02,49.573]],"asks":[[158.22,112.928],[158.23,69.068],[158.24,116.5],[158.25,175.849],[158.26,190.949],[158.27,185.302],[158.28,197.562],[158.29,208.857],[158.3,192.687],[158.31,274.183],[158.32,268.589],[158.33,363.135],[158.34,130.496],[158.35,389.35],[158.36,750.903],[158.37,230.238],[158.38,462.415],[158.39,1193.039],[158.4,348.303],[158.41,188.509]]},"raw":{}}
{"exchange":"binance","instance_id":"A","symbol":"SOL-USD","event_ts":1762349859.295,"seq":25821810359,"depth":{"last_seq":25821810359,"bids":[[158.21,82.902],[158.2,383.356],[158.19,992.022],[158.18,154.698],[158.17,528.299],[158.16,608.888],[158.15,1024.149],[158.14,131.379],[158.13,199.825],[158.12,386.574],[158.11,1060.833],[158.1,239.77],[158.09,477.07],[158.08,565.484],[158.07,88.465],[158.06,78.372],[158.05,365.845],[158.04,1073.666],[158.03,178.353],[158.02,49.573]],"asks":[[158.22,112.928],[158.23,69.068],[158.24,116.5],[158.25,175.849],[158.26,188.949],[158.27,187.302],[158.28,197.562],[158.29,208.857],[158.3,192.687],[158.31,274.183],[158.32,268.589],[158.33,363.135],[158.34,130.496],[158.35,389.35],[158.36,750.903],[158.37,230.238],[158.38,462.415],[158.39,1193.039],[158.4,348.303],[158.41,188.509]]},"raw":{}}
{"exchange":"binance","instance_id":"A","symbol":"SOL-USD","event_ts":1762349859.395,"seq":25821810361,"depth":{"last_seq":25821810361,"bids":[[158.21,82.902],[158.2,383.356],[158.19,991.954],[158.18,154.698],[158.17,528.299],[158.16,608.888],[158.15,1024.149],[158.14,131.379],[158.13,199.825],[158.12,386.574],[158.11,1060.833],[158.1,239.77],[158.09,477.07],[158.08,565.484],[158.07,88.465],[158.06,78.372],[158.05,365.845],[158.04,1073.666],[158.03,178.353],[158.02,49.573]],"asks":[[158.22,112.928],[158.23,69.068],[158.24,116.5],[158.25,175.849],[158.26,188.949],[158.27,187.302],[158.28,197.562],[158.29,208.857],[158.3,192.687],[158.31,274.183],[158.32,268.589],[158.33,363.135],[158.34,130.496],[158.35,389.35],[158.36,750.903],[158.37,230.238],[158.38,462.415],[158.39,1193.039],[158.4,348.303],[158.41,188.509]]},"raw":{}}
{"exchange":"binance","instance_id":"A","symbol":"SOL-USD","event_ts":1762349859.495,"seq":25821810365,"depth":{"last_seq":25821810365,"bids":[[158.21,82.902],[158.2,383.356],[158.19,991.954],[158.18,217.925],[158.17,465.071],[158.16,608.888],[158.15,1024.149],[158.14,131.379],[158.13,199.825],[158.12,386.574],[158.11,1060.833],[158.1,239.77],[158.09,477.07],[158.08,565.484],[158.07,88.465],[158.06,78.372],[158.05,365.845],[158.04,1073.666],[158.03,178.353],[158.02,49.573]],"asks":[[158.22,112.928],[158.23,69.068],[158.24,116.5],[158.25,175.849],[158.26,188.949],[158.27,187.302],[158.28,197.562],[158.29,208.857],[158.3,192.687],[158.31,274.183],[158.32,268.589],[158.33,363.135],[158.34,130.496],[158.35,389.35],[158.36,750.903],[158.37,230.238],[158.38,462.415],[158.39,1193.039],[158.4,348.303],[158.41,188.509]]},"raw":{}}
{"exchange":"binance","instance_id":"A","symbol":"SOL-USD","event_ts":1762349859.595,"seq":25821810368,"depth":{"last_seq":25821810368,"bids":[[158.21,82.902],[158.2,383.356],[158.19,1010.372],[158.18,217.925],[158.17,465.071],[158.16,608.888],[158.15,1024.149],[158.14,131.379],[158.13,199.825],[158.12,386.574],[158.11,1060.833],[158.1,239.77],[158.09,477.07],[158.08,565.484],[158.07,88.465],[158.06,78.372],[158.05,365.845],[158.04,1073.666],[158.03,178.353],[158.02,49.573]],"asks":[[158.22,112.928],[158.23,69.068],[158.24,116.5],[158.25,175.849],[158.26,188.949],[158.27,187.302],[158.28,197.562],[158.29,208.857],[158.3,192.687],[158.31,274.183],[158.32,268.589],[158.33,363.135],[158.34,130.496],[158.35,389.35],[158.36,750.903],[158.37,230.238],[158.38,462.415],[158.39,1193.039],[158.4,348.303],[158.41,188.509]]},"raw":{}}
{"exchange":"binance","instance_id":"A","symbol":"SOL-USD","event_ts":1762349859.695,"seq":25821810371,"depth":{"last_seq":25821810371,"bids":[[158.21,82.902],[158.2,383.356],[158.19,1010.372],[158.18,217.925],[158.17,465.071],[158.16,608.888],[158.15,1024.149],[158.14,131.379],[158.13,199.825],[158.12,386.574],[158.11,1060.833],[158.1,239.77],[158.09,477.07],[158.08,565.484],[158.07,88.465],[158.06,78.372],[158.05,365.845],[158.04,1073.666],[158.03,178.353],[158.02,49.573]],"asks":[[158.22,112.928],[158.23,69.068],[158.24,116.5],[158.25,175.849],[158.26,188.949],[158.27,187.302],[158.28,197.562],[158.29,208.857],[158.3,192.687],[158.31,274.183],[158.32,268.589],[158.33,363.135],[158.34,130.496],[158.35,389.35],[158.36,750.903],[158.37,230.238],[158.38,462.415],[158.39,1193.039],[158.4,348.303],[158.41,188.509]]},"raw":{}}
{"exchange":"binance","instance_id":"A","symbol":"SOL-USD","event_ts":1762349859.895,"seq":25821810375,"depth":{"last_seq":25821810375,"bids":[[158.21,87.01],[158.2,383.356],[158.19,1010.372],[158.18,217.925],[158.17,465.071],[158.16,608.888],[158.15,1024.149],[158.14,131.379],[158.13,199.825],[158.12,386.574],[158.11,1060.833],[158.1,239.77],[158.09,477.07],[158.08,565.484],[158.07,88.465],[158.06,78.372],[158.05,365.845],[158.04,1073.666],[158.03,178.353],[158.02,49.573]],"asks":[[158.22,113.269],[158.23,69.068],[158.24,116.5],[158.25,175.849],[158.26,188.949],[158.27,187.302],[158.28,197.601],[158.29,208.857],[158.3,192.687],[158.31,274.183],[158.32,268.589],[158.33,363.135],[158.34,130.496],[158.35,389.35],[158.36,750.903],[158.37,230.238],[158.38,462.415],[158.39,1193.039],[158.4,348.303],[158.41,188.509]]},"raw":{}}
{"exchange":"binance","instance_id":"A","symbol":"SOL-USD","event_ts":1762349859.995,"seq":25821810377,"depth":{"last_seq":25821810377,"bids":[[158.21,87.071],[158.2,383.356],[158.19,1010.372],[158.18,217.925],[158.17,465.071],[158.16,608.888],[158.15,1024.149],[158.14,131.379],[158.13,199.825],[158.12,386.574],[158.11,1060.833],[158.1,239.77],[158.09,477.07],[158.08,565.484],[158.07,88.465],[158.06,78.372],[158.05,365.845],[158.04,1073.666],[158.03,178.353],[158.02,49.573]],"asks":[[158.22,113.269],[158.23,69.068],[158.24,116.5],[158.25,175.849],[158.26,188.949],[158.27,187.302],[158.28,197.601],[158.29,208.857],[158.3,192.687],[158.31,274.183],[158.32,268.589],[158.33,363.135],[158.34,130.496],[158.35,389.35],[158.36,750.903],[158.37,230.238],[158.38,462.415],[158.39,1193.039],[158.4,348.303],[158.41,188.509]]},"raw":{}}
{"exchange":"binance","instance_id":"A","symbol":"SOL-USD","event_ts":1762349860.095,"seq":25821810489,"depth":{"last_seq":25821810489,"bids":[[158.21,363.895],[158.2,533.583],[158.19,1261.101],[158.18,127.225],[158.17,275.455],[158.16,530.79],[158.15,1024.149],[158.14,131.379],[158.13,199.325],[158.12,386.574],[158.11,1060.833],[158.1,239.77],[158.09,477.07],[158.08,565.484],[158.07,88.465],[158.06,78.372],[158.05,365.845],[158.04,1073.666],[158.03,178.353],[158.02,49.573]],"asks":[[158.22,0.372],[158.23,68.602],[158.24,74.604],[158.25,124.784],[158.26,236.216],[158.27,215.302],[158.28,80.744],[158.29,90.562],[158.3,192.687],[158.31,274.183],[158.32,269.089],[158.33,344.662],[158.34,149.468],[158.35,389.35],[158.36,750.903],[158.37,230.238],[158.38,462.415],[158.39,1193.039],[158.4,348.303],[158.41,188.509]]},"raw":{}}
{"exchange":"binance","instance_id":"A","symbol":"SOL-USD","event_ts":1762349860.195,"seq":25821810592,"depth":{"last_seq":25821810592,"bids":[[158.22,184.783],[158.21,167.49],[158.2,533.583],[158.19,1168.349],[158.18,124.347],[158.17,338.618],[158.16,530.79],[158.15,1024.149],[158.14,130.847],[158.13,199.325],[158.12,386.574],[158.11,1132.65],[158.1,239.77],[158.09,477.07],[158.08,565.484],[158.07,88.465],[158.06,78.372],[158.05,365.845],[158.04,1073.666],[158.03,178.321]],"asks":[[158.23,68.807],[158.24,74.637],[158.25,124.848],[158.26,203.287],[158.27,169.821],[158.28,49.394],[158.29,90.562],[158.3,192.719],[158.31,274.183],[158.32,269.089],[158.33,351.838],[158.34,129.714],[158.35,409.103],[158.36,750.903],[158.37,230.238],[158.38,462.415],[158.39,1193.039],[158.4,348.303],[158.41,188.541],[158.42,108.352]]},"raw":{}}
{"exchange":"binance","instance_id":"A","symbol":"SOL-USD","event_ts":1762349860.295,"seq":25821810597,"depth":{"last_seq":25821810597,"bids":[[158.22,184.783],[158.21,167.554],[158.2,533.583],[158.19,1168.349],[158.18,124.347],[158.17,338.618],[158.16,530.79],[158.15,1024.149],[158.14,130.847],[158.13,199.325],[158.12,386.574],[158.11,1132.65],[158.1,239.77],[158.09,477.07],[158.08,565.484],[158.07,88.465],[158.06,78.372],[158.05,365.845],[158.04,1073.666],[158.03,178.321]],"asks":[[158.23,68.807],[158.24,74.637],[158.25,124.848],[158.26,203.287],[158.27,161.508],[158.28,49.394],[158.29,90.562],[158.3,192.719],[158.31,274.183],[158.32,269.089],[158.33,351.838],[158.34,129.714],[158.35,409.103],[158.36,750.903],[158.37,230.238],[158.38,462.415],[158.39,1193.039],[158.4,348.303],[158.41,188.541],[158.42,108.352]]},"raw":{}}
{"exchange":"binance","instance_id":"A","symbol":"SOL-USD","event_ts":1762349860.395,"seq":25821810604,"depth":{"last_seq":25821810604,"bids":[[158.22,184.783],[158.21,167.554],[158.2,533.583],[158.19,1168.349],[158.18,145.897],[158.17,338.618],[158.16,530.79],[158.15,1024.149],[158.14,130.847],[158.13,199.325],[158.12,386.574],[158.11,1132.65],[158.1,239.77],[158.09,477.07],[158.08,565.484],[158.07,88.465],[158.06,78.372],[158.05,365.845],[158.04,1073.666],[158.03,178.321]],"asks":[[158.23,68.807],[158.24,74.637],[158.25,124.848],[158.26,203.287],[158.27,161.508],[158.28,49.394],[158.29,90.562],[158.3,192.719],[158.31,274.183],[158.32,269.089],[158.33,351.838],[158.34,129.714],[158.35,409.103],[158.36,750.903],[158.37,230.238],[158.38,462.415],[158.39,1193.039],[158.4,348.303],[158.41,188.541],[158.42,108.352]]},"raw":{}}
{"exchange":"binance","instance_id":"A","symbol":"SOL-USD","event_ts":1762349860.495,"seq":25821810607,"depth":{"last_seq":25821810607,"bids":[[158.22,184.783],[158.21,167.554],[158.2,533.583],[158.19,1178.449],[158.18,145.897],[158.17,338.618],[158.16,530.79],[158.15,1024.149],[158.14,130.847],[158.13,199.325],[158.12,386.574],[158.11,1132.65],[158.1,239.77],[158.09,477.07],[158.08,565.484],[158.07,88.465],[158.06,78.372],[158.05,365.845],[158.04,1073.666],[158.03,178.321]],"asks":[[158.23,68.807],[158.24,74.637],[158.25,124.848],[158.26,203.287],[158.27,161.508],[158.28,49.394],[158.29,90.562],[158.3,192.719],[158.31,274.183],[158.32,269.089],[158.33,351.838],[158.34,129.714],[158.35,409.103],[158.36,750.903],[158.37,230.238],[158.38,462.415],[158.39,1193.039],[158.4,348.303],[158.41,188.541],[158.42,108.352]]},"raw":{}}
{"exchange":"binance","instance_id":"A","symbol":"SOL-USD","event_ts":1762349860.595,"seq":25821810618,"depth":{"last_seq":25821810618,"bids":[[158.22,184.783],[158.21,167.554],[158.2,533.583],[158.19,1183.435],[158.18,145.897],[158.17,338.618],[158.16,530.79],[158.15,1024.149],[158.14,130.847],[158.13,199.325],[158.12,386.574],[158.11,1132.65],[158.1,239.77],[158.09,477.07],[158.08,565.484],[158.07,88.465],[158.06,78.372],[158.05,365.845],[158.04,1073.666],[158.03,178.321]],"asks":[[158.23,68.807],[158.24,74.637],[158.25,124.848],[158.26,203.287],[158.27,161.508],[158.28,49.429],[158.29,90.594],[158.3,192.719],[158.31,274.183],[158.32,269.089],[158.33,351.838],[158.34,129.714],[158.35,409.103],[158.36,750.903],[158.37,230.238],[158.38,462.415],[158.39,1193.039],[158.4,348.303],[158.41,188.541],[158.42,108.352]]},"raw":{}}
{"exchange":"binance","instance_id":"A","symbol":"SOL-USD","event_ts":1762349860.695,"seq":25821810628,"depth":{"last_seq":25821810628,"bids":[[158.22,186.397],[158.21,170.113],[158.2,533.583],[158.19,1183.435],[158.18,145.897],[158.17,338.618],[158.16,530.79],[158.15,1024.149],[158.14,130.847],[158.13,199.325],[158.12,386.574],[158.11,1132.65],[158.1,239.77],[158.09,477.07],[158.08,565.484],[158.07,88.465],[158.06,78.372],[158.05,365.845],[158.04,1073.666],[158.03,178.321]],"asks":[[158.23,70.032],[158.24,74.637],[158.25,124.848],[158.26,203.287],[158.27,171.618],[158.28,49.429],[158.29,90.594],[158.3,192.719],[158.31,274.683],[158.32,269.089],[158.33,351.338],[158.34,129.714],[158.35,409.103],[158.36,750.903],[158.37,230.238],[158.38,462.415],[158.39,1193.039],[158.4,348.303],[158.41,188.541],[158.42,108.352]]},"raw":{}}
{"exchange":"binance","instance_id":"A","symbol":"SOL-USD","event_ts":1762349860.795,"seq":25821810629,"depth":{"last_seq":25821810629,"bids":[[158.22,186.46],[158.21,170.113],[158.2,533.583],[158.19,1183.435],[158.18,145.897],[158.17,338.618],[158.16,530.79],[158.15,1024.149],[158.14,130.847],[158.13,199.325],[158.12,386.574],[158.11,1132.65],[158.1,239.77],[158.09,477.07],[158.08,565.484],[158.07,88.465],[158.06,78.372],[158.05,365.845],[158.04,1073.666],[158.03,178.321]],"asks":[[158.23,70.032],[158.24,74.637],[158.25,124.848],[158.26,203.287],[158.27,171.618],[158.28,49.429],[158.29,90.594],[158.3,192.719],[158.31,274.683],[158.32,269.089],[158.33,351.338],[158.34,129.714],[158.35,409.103],[158.36,750.903],[158.37,230.238],[158.38,462.415],[158.39,1193.039],[158.4,348.303],[158.41,188.541],[158.42,108.352]]},"raw":{}}
{"exchange":"binance","instance_id":"A","symbol":"SOL-USD","event_ts":1762349860.895,"seq":25821810631,"depth":{"last_seq":25821810631,"bids":[[158.22,186.46],[158.21,170.113],[158.2,533.583],[158.19,1183.435],[158.18,124.347],[158.17,338.618],[158.16,530.79],[158.15,1024.149],[158.14,130.847],[158.13,199.325],[158.12,386.574],[158.11,1132.65],[158.1,239.77],[158.09,477.07],[158.08,565.484],[158.07,88.465],[158.06,78.372],[158.05,365.845],[158.04,1073.666],[158.03,178.321]],"asks":[[158.23,70.032],[158.24,74.637],[158.25,124.848],[158.26,203.287],[158.27,171.618],[158.28,49.429],[158.29,90.594],[158.3,192.719],[158.31,274.683],[158.32,269.089],[158.33,351.338],[158.34,129.714],[158.35,409.103],[158.36,750.903],[158.37,230.238],[158.38,462.415],[158.39,1193.039],[158.4,348.303],[158.41,188.541],[158.42,108.352]]},"raw":{}}
{"exchange":"binance","instance_id":"A","symbol":"SOL-USD","event_ts":1762349860.995,"seq":25821810633,"depth":{"last_seq":25821810633,"bids":[[158.22,186.46],[158.21,170.113],[158.2,533.583],[158.19,1183.435],[158.18,124.347],[158.17,338.618],[158.16,530.79],[158.15,1024.149],[158.14,130.847],[158.13,199.325],[158.12,386.574],[158.11,1132.65],[158.1,239.77],[158.09,477.07],[158.08,565.484],[158.07,88.465],[158.06,78.372],[158.05,365.845],[158.04,1073.666],[158.03,178.321]],"asks":[[158.23,70.032],[158.24,74.637],[158.25,124.848],[158.26,203.287],[158.27,171.618],[158.28,49.429],[158.29,90.594],[158.3,192.719],[158.31,274.683],[158.32,269.089],[158.33,351.338],[158.34,129.714],[158.35,409.103],[158.36,750.903],[158.37,230.238],[158.38,462.415],[158.39,1193.039],[158.4,348.303],[158.41,188.541],[158.42,108.352]]},"raw":{}}
{"exchange":"binance","instance_id":"A","symbol":"SOL-USD","event_ts":1762349861.195,"seq":25821810637,"depth":{"last_seq":25821810637,"bids":[[158.22,186.46],[158.21,169.911],[158.2,533.583],[158.19,1183.435],[158.18,124.347],[158.17,338.618],[158.16,530.79],[158.15,1024.149],[158.14,130.847],[158.13,199.325],[158.12,386.574],[158.11,1132.65],[158.1,239.77],[158.09,477.07],[158.08,565.484],[158.07,88.465],[158.06,78.372],[158.05,365.845],[158.04,1073.666],[158.03,178.321]],"asks":[[158.23,80.032],[158.24,74.637],[158.25,124.848],[158.26,203.287],[158.27,171.618],[158.28,49.429],[158.29,90.594],[158.3,192.719],[158.31,274.683],[158.32,269.089],[158.33,351.338],[158.34,129.714],[158.35,409.103],[158.36,750.903],[158.37,230.238],[158.38,462.415],[158.39,1193.039],[158.4,348.303],[158.41,188.541],[158.42,108.352]]},"raw":{}}
{"exchange":"binance","instance_id":"A","symbol":"SOL-USD","event_ts":1762349861.295,"seq":25821810665,"depth":{"last_seq":25821810665,"bids":[[158.22,8.922],[158.21,169.911],[158.2,533.651],[158.19,1183.503],[158.18,188.703],[158.17,337.487],[158.16,582.377],[158.15,1024.149],[158.14,130.847],[158.13,199.325],[158.12,386.574],[158.11,1132.65],[158.1,239.77],[158.09,477.07],[158.08,565.484],[158.07,88.465],[158.06,78.372],[158.05,365.845],[158.04,1073.666],[158.03,178.321]],"asks":[[158.23,95.678],[158.24,74.536],[158.25,124.78],[158.26,203.287],[158.27,171.618],[158.28,49.429],[158.29,90.594],[158.3,192.719],[158.31,274.683],[158.32,269.089],[158.33,351.338],[158.34,129.714],[158.35,409.103],[158.36,750.903],[158.37,230.238],[158.38,462.415],[158.39,1193.039],[158.4,348.303],[158.41,188.541],[158.42,108.352]]},"raw":{}}
{"exchange":"binance","instance_id":"A","symbol":"SOL-USD","event_ts":1762349861.395,"seq":25821810693,"depth":{"last_seq":25821810693,"bids":[[158.22,50.648],[158.21,167.856],[158.2,535.651],[158.19,1196.267],[158.18,186.625],[158.17,337.487],[158.16,582.377],[158.15,1024.149],[158.14,130.847],[158.13,199.325],[158.12,386.574],[158.11,1132.65],[158.1,239.77],[158.09,477.07],[158.08,565.484],[158.07,88.465],[158.06,78.372],[158.05,365.845],[158.04,1073.666],[158.03,178.321]],"asks":[[158.23,131.743],[158.24,74.604],[158.25,124.78],[158.26,203.319],[158.27,171.618],[158.28,49.429],[158.29,89.463],[158.3,192.719],[158.31,274.683],[158.32,269.089],[158.33,351.338],[158.34,129.714],[158.35,409.103],[158.36,750.903],[158.37,230.238],[158.38,462.415],[158.39,1193.039],[158.4,348.303],[158.41,188.541],[158.42,108.352]]},"raw":{}}
{"exchange":"binance","instance_id":"A","symbol":"SOL-USD","event_ts":1762349861.495,"seq":25821810774,"depth":{"last_seq":25821810774,"bids":[[158.22,2.438],[158.21,3.546],[158.2,383.356],[158.19,1007.812],[158.18,215.395],[158.17,527.102],[158.16,530.79],[158.15,1024.149],[158.14,119.948],[158.13,199.825],[158.12,386.574],[158.11,1132.65],[158.1,250.669],[158.09,477.07],[158.08,565.484],[158.07,88.465],[158.06,78.372],[158.05,365.845],[158.04,1073.666],[158.03,178.321]],"asks":[[158.23,165.208],[158.24,92.742],[158.25,154.78],[158.26,203.319],[158.27,143.454],[158.28,50.521],[158.29,207.758],[158.3,192.719],[158.31,274.683],[158.32,268.589],[158.33,351.338],[158.34,129.714],[158.35,409.103],[158.36,750.903],[158.37,230.238],[158.38,462.415],[158.39,1193.039],[158.4,348.303],[158.41,188.541],[158.42,108.352]]},"raw":{}}
{"exchange":"binance","instance_id":"A","symbol":"SOL-USD","event_ts":1762349861.595,"seq":25821810797,"depth":{"last_seq":25821810797,"bids":[[158.22,2.438],[158.21,38.426],[158.2,383.356],[158.19,1010.432],[158.18,268.744],[158.17,527.102],[158.16,540.924],[158.15,1024.149],[158.14,119.948],[158.13,199.825],[158.12,387.074],[158.11,1132.65],[158.1,250.669],[158.09,477.07],[158.08,565.484],[158.07,88.465],[158.06,78.372],[158.05,365.845],[158.04,1073.666],[158.03,178.321]],"asks":[[158.23,165.65],[158.24,107.504],[158.25,154.78],[158.26,203.319],[158.27,143.78],[158.28,167.378],[158.29,207.758],[158.3,192.719],[158.31,274.183],[158.32,268.589],[158.33,344.162],[158.34,129.714],[158.35,409.103],[158.36,750.903],[158.37,230.238],[158.38,462.415],[158.39,1193.039],[158.4,348.303],[158.41,188.541],[158.42,108.352]]},"raw":{}}
{"exchange":"binance","instance_id":"A","symbol":"SOL-USD","event_ts":1762349861.695,"seq":25821810805,"depth":{"last_seq":25821810805,"bids":[[158.22,2.438],[158.21,38.426],[158.2,383.356],[158.19,1032.683],[158.18,268.71],[158.17,527.102],[158.16,530.79],[158.15,1024.149],[158.14,119.948],[158.13,199.825],[158.12,387.074],[158.11,1132.65],[158.1,250.669],[158.09,477.07],[158.08,565.484],[158.07,88.465],[158.06,78.372],[158.05,365.845],[158.04,1073.666],[158.03,178.321]],"asks":[[158.23,165.65],[158.24,107.504],[158.25,154.78],[158.26,203.319],[158.27,143.78],[158.28,167.378],[158.29,207.758],[158.3,192.719],[158.31,274.183],[158.32,268.589],[158.33,344.162],[158.34,129.714],[158.35,409.103],[158.36,750.903],[158.37,230.238],[158.38,462.415],[158.39,1193.039],[158.4,348.303],[158.41,188.541],[158.42,108.352]]},"raw":{}}
{"exchange":"binance","instance_id":"A","symbol":"SOL-USD","event_ts":1762349861.895,"seq":25821810807,"depth":{"last_seq":25821810807,"bids":[[158.22,2.438],[158.21,38.459],[158.2,383.356],[158.19,1032.683],[158.18,268.71],[158.17,527.102],[158.16,547.772],[158.15,1024.149],[158.14,119.948],[158.13,199.825],[158.12,387.074],[158.11,1132.65],[158.1,250.669],[158.09,477.07],[158.08,565.484],[158.07,88.465],[158.06,78.372],[158.05,365.845],[158.04,1073.666],[158.03,178.321]],"asks":[[158.23,165.65],[158.24,107.504],[158.25,154.78],[158.26,203.319],[158.27,143.78],[158.28,167.378],[158.29,207.758],[158.3,192.719],[158.31,274.183],[158.32,268.589],[158.33,344.162],[158.34,129.714],[158.35,409.103],[158.36,750.903],[158.37,230.238],[158.38,462.415],[158.39,1193.039],[158.4,348.303],[158.41,188.541],[158.42,108.352]]},"raw":{}}
{"exchange":"binance","instance_id":"A","symbol":"SOL-USD","event_ts":1762349861.995,"seq":25821810813,"depth":{"last_seq":25821810813,"bids":[[158.22,2.438],[158.21,38.459],[158.2,383.356],[158.19,1032.683],[158.18,268.71],[158.17,527.102],[158.16,547.772],[158.15,1024.149],[158.14,120.448],[158.13,199.825],[158.12,386.574],[158.11,1132.65],[158.1,250.669],[158.09,477.07],[158.08,565.484],[158.07,88.465],[158.06,78.372],[158.05,365.845],[158.04,1073.666],[158.03,178.321]],"asks":[[158.23,147.944],[158.24,107.504],[158.25,154.78],[158.26,203.319],[158.27,143.78],[158.28,201.4],[158.29,207.758],[158.3,192.719],[158.31,274.183],[158.32,268.589],[158.33,344.162],[158.34,129.714],[158.35,409.103],[158.36,750.903],[158.37,230.238],[158.38,462.415],[158.39,1193.039],[158.4,348.303],[158.41,188.541],[158.42,108.352]]},"raw":{}}
{"exchange":"binance","instance_id":"A","symbol":"SOL-USD","event_ts":1762349862.095,"seq":25821810815,"depth":{"last_seq":25821810815,"bids":[[158.22,2.438],[158.21,38.459],[158.2,383.356],[158.19,1032.683],[158.18,268.71],[158.17,527.102],[158.16,547.772],[158.15,1024.149],[158.14,120.448],[158.13,199.825],[158.12,386.574],[158.11,1132.65],[158.1,250.669],[158.09,477.07],[158.08,565.484],[158.07,88.465],[158.06,78.372],[158.05,365.845],[158.04,1073.666],[158.03,178.321]],"asks":[[158.23,147.944],[158.24,107.504],[158.25,154.78],[158.26,203.319],[158.27,143.78],[158.28,201.4],[158.29,207.758],[158.3,192.719],[158.31,274.183],[158.32,268.589],[158.33,344.162],[158.34,129.714],[158.35,409.103],[158.36,750.903],[158.37,230.238],[158.38,462.415],[158.39,1193.039],[158.4,348.303],[158.41,188.541],[158.42,108.352]]},"raw":{}}
{"exchange":"binance","instance_id":"A","symbol":"SOL-USD","event_ts":1762349862.195,"seq":25821810818,"depth":{"last_seq":25821810818,"bids":[[158.22,2.438],[158.21,38.459],[158.2,383.356],[158.19,1032.683],[158.18,267.579],[158.17,527.102],[158.16,547.772],[158.15,1024.149],[158.14,120.448],[158.13,199.825],[158.12,386.574],[158.11,1132.65],[158.1,250.669],[158.09,477.07],[158.08,565.484],[158.07,88.465],[158.06,78.372],[158.05,365.845],[158.04,1073.666],[158.03,178.321]],"asks":[[158.23,147.944],[158.24,107.504],[158.25,154.78],[158.26,203.319],[158.27,143.78],[158.28,201.4],[158.29,207.758],[158.3,192.719],[158.31,274.183],[158.32,268.589],[158.33,344.162],[158.34,129.714],[158.35,409.103],[158.36,750.903],[158.37,230.238],[158.38,462.415],[158.39,1193.039],[158.4,348.303],[158.41,188.541],[158.42,108.352]]},"raw":{}}
{"exchange":"binance","instance_id":"A","symbol":"SOL-USD","event_ts":1762349862.295,"seq":25821810822,"depth":{"last_seq":25821810822,"bids":[[158.22,2.467],[158.21,38.459],[158.2,383.356],[158.19,1032.683],[158.18,267.579],[158.17,528.233],[158.16,547.772],[158.15,1024.149],[158.14,120.448],[158.13,199.825],[158.12,386.574],[158.11,1132.65],[158.1,250.669],[158.09,477.07],[158.08,565.484],[158.07,88.465],[158.06,78.372],[158.05,365.845],[158.04,1073.666],[158.03,178.321]],"asks":[[158.23,147.944],[158.24,107.504],[158.25,154.78],[158.26,203.319],[158.27,143.78],[158.28,201.4],[158.29,207.758],[158.3,192.719],[158.31,274.183],[158.32,268.589],[158.33,344.162],[158.34,129.714],[158.35,409.103],[158.36,750.903],[158.37,230.238],[158.38,462.415],[158.39,1193.039],[158.4,348.303],[158.41,188.541],[158.42,108.352]]},"raw":{}}
{"exchange":"binance","instance_id":"A","symbol":"SOL-USD","event_ts":1762349862.395,"seq":25821810970,"depth":{"last_seq":25821810970,"bids":[[158.2,227.693],[158.19,1032.683],[158.18,229.506],[158.17,306.593],[158.16,720.468],[158.15,1024.149],[158.14,120.48],[158.13,199.825],[158.12,386.574],[158.11,1132.65],[158.1,250.669],[158.09,477.07],[158.08,565.484],[158.07,88.465],[158.06,78.372],[158.05,365.845],[158.04,1073.666],[158.03,178.353],[158.02,49.605],[158.01,278.13]],"asks":[[158.21,174.434],[158.22,113.68],[158.23,139.886],[158.24,107.504],[158.25,185.145],[158.26,170.485],[158.27,143.712],[158.28,201.4],[158.29,207.774],[158.3,192.687],[158.31,236.329],[158.32,268.589],[158.33,295.618],[158.34,129.714],[158.35,409.103],[158.36,750.903],[158.37,230.238],[158.38,462.415],[158.39,1193.039],[158.4,348.303]]},"raw":{}}
{"exchange":"binance","instance_id":"A","symbol":"SOL-USD","event_ts":1762349862.495,"seq":25821811025,"depth":{"last_seq":25821811025,"bids":[[158.2,227.693],[158.19,1010.496],[158.18,173.288],[158.17,289.402],[158.16,702.659],[158.15,1106.36],[158.14,120.48],[158.13,199.825],[158.12,386.574],[158.11,1132.65],[158.1,250.669],[158.09,477.102],[158.08,565.484],[158.07,88.465],[158.06,78.372],[158.05,365.845],[158.04,1073.666],[158.03,178.353],[158.02,49.605],[158.01,278.13]],"asks":[[158.21,174.394],[158.22,114.172],[158.23,138.441],[158.24,107.44],[158.25,187.609],[158.26,170.417],[158.27,143.712],[158.28,179.247],[158.29,207.774],[158.3,192.687],[158.31,236.329],[158.32,268.589],[158.33,295.618],[158.34,129.714],[158.35,409.103],[158.36,750.903],[158.37,230.238],[158.38,462.415],[158.39,1193.039],[158.4,348.271]]},"raw":{}}
{"exchange":"binance","instance_id":"A","symbol":"SOL-USD","event_ts":1762349862.595,"seq":25821811029,"depth":{"last_seq":25821811029,"bids":[[158.2,227.693],[158.19,990.058],[158.18,173.352],[158.17,289.402],[158.16,702.659],[158.15,1106.36],[158.14,120.48],[158.13,199.825],[158.12,386.574],[158.11,1132.65],[158.1,250.669],[158.09,477.102],[158.08,565.484],[158.07,88.465],[158.06,78.372],[158.05,365.845],[158.04,1073.666],[158.03,178.353],[158.02,49.605],[158.01,278.13]],"asks":[[158.21,174.394],[158.22,114.172],[158.23,138.441],[158.24,107.44],[158.25,187.609],[158.26,170.417],[158.27,143.712],[158.28,179.247],[158.29,207.774],[158.3,192.687],[158.31,236.329],[158.32,268.589],[158.33,295.618],[158.34,129.714],[158.35,409.103],[158.36,750.903],[158.37,230.238],[158.38,462.415],[158.39,1193.039],[158.4,348.271]]},"raw":{}}
{"exchange":"binance","instance_id":"A","symbol":"SOL-USD","event_ts":1762349862.695,"seq":25821811039,"depth":{"last_seq":25821811039,"bids":[[158.2,227.754],[158.19,990.058],[158.18,178.684],[158.17,300.158],[158.16,702.659],[158.15,1106.36],[158.14,120.48],[158.13,199.825],[158.12,386.574],[158.11,1132.65],[158.1,250.669],[158.09,477.102],[158.08,565.484],[158.07,88.465],[158.06,78.372],[158.05,365.845],[158.04,1073.666],[158.03,178.353],[158.02,49.605],[158.01,278.13]],"asks":[[158.21,174.505],[158.22,114.172],[158.23,138.336],[158.24,107.44],[158.25,187.609],[158.26,170.417],[158.27,143.712],[158.28,179.247],[158.29,207.774],[158.3,192.687],[158.31,236.329],[158.32,268.589],[158.33,295.618],[158.34,129.714],[158.35,409.103],[158.36,750.903],[158.37,230.238],[158.38,462.415],[158.39,1193.039],[158.4,348.271]]},"raw":{}}
{"exchange":"binance","instance_id":"A","symbol":"SOL-USD","event_ts":1762349862.795,"seq":25821811050,"depth":{"last_seq":25821811050,"bids":[[158.2,227.754],[158.19,1008.477],[158.18,178.684],[158.17,300.158],[158.16,702.659],[158.15,1106.36],[158.14,120.48],[158.13,199.825],[158.12,386.574],[158.11,1132.65],[158.1,250.669],[158.09,477.102],[158.08,565.484],[158.07,88.465],[158.06,78.372],[158.05,365.845],[158.04,1073.666],[158.03,178.353],[158.02,49.605],[158.01,278.13]],"asks":[[158.21,125.869],[158.22,75.602],[158.23,138.404],[158.24,107.44],[158.25,187.609],[158.26,170.417],[158.27,143.712],[158.28,179.247],[158.29,207.774],[158.3,192.687],[158.31,236.329],[158.32,268.589],[158.33,295.618],[158.34,129.714],[158.35,409.103],[158.36,750.903],[158.37,230.238],[158.38,462.415],[158.39,1193.039],[158.4,348.271]]},"raw":{}}
{"exchange":"binance","instance_id":"A","symbol":"SOL-USD","event_ts":1762349862.895,"seq":25821811053,"depth":{"last_seq":25821811053,"bids":[[158.2,229.368],[158.19,1008.477],[158.18,178.684],[158.17,300.158],[158.16,702.659],[158.15,1106.36],[158.14,120.48],[158.13,199.825],[158.12,386.574],[158.11,1132.65],[158.1,250.669],[158.09,477.102],[158.08,565.484],[158.07,88.465],[158.06,78.372],[158.05,365.845],[158.04,1073.666],[158.03,178.353],[158.02,49.605],[158.01,278.13]],"asks":[[158.21,125.869],[158.22,75.602],[158.23,138.404],[158.24,107.44],[158.25,187.641],[158.26,170.417],[158.27,143.712],[158.28,179.247],[158.29,207.774],[158.3,192.687],[158.31,236.329],[158.32,268.589],[158.33,295.618],[158.34,129.714],[158.35,409.103],[158.36,750.903],[158.37,230.206],[158.38,462.415],[158.39,1193.039],[158.4,348.271]]},"raw":{}}
{"exchange":"binance","instance_id":"A","symbol":"SOL-USD","event_ts":1762349862.995,"seq":25821811068,"depth":{"last_seq":25821811068,"bids":[[158.2,236.234],[158.19,1008.477],[158.18,178.684],[158.17,300.158],[158.16,702.659],[158.15,1106.36],[158.14,120.48],[158.13,199.825],[158.12,386.574],[158.11,1132.65],[158.1,250.669],[158.09,477.102],[158.08,565.484],[158.07,88.465],[158.06,78.372],[158.05,365.845],[158.04,1073.666],[158.03,178.353],[158.02,49.605],[158.01,278.13]],"asks":[[158.21,126.494],[158.22,75.602],[158.23,138.404],[158.24,107.44],[158.25,187.673],[158.26,170.417],[158.27,176.505],[158.28,179.247],[158.29,207.774],[158.3,192.687],[158.31,236.329],[158.32,268.589],[158.33,295.618],[158.34,129.714],[158.35,409.103],[158.36,750.903],[158.37,230.206],[158.38,462.415],[158.39,1193.039],[158.4,348.271]]},"raw":{}}
{"exchange":"binance","instance_id":"A","symbol":"SOL-USD","event_ts":1762349863.095,"seq":25821811069,"depth":{"last_seq":25821811069,"bids":[[158.2,236.234],[158.19,1008.477],[158.18,178.684],[158.17,300.158],[158.16,702.659],[158.15,1106.36],[158.14,120.48],[158.13,199.825],[158.12,386.574],[158.11,1132.65],[158.1,250.669],[158.09,477.102],[158.08,565.484],[158.07,88.465],[158.06,78.372],[158.05,365.845],[158.04,1073.666],[158.03,178.353],[158.02,49.605],[158.01,278.13]],"asks":[[158.21,126.494],[158.22,75.602],[158.23,138.404],[158.24,107.44],[158.25,187.673],[158.26,170.417],[158.27,176.505],[158.28,179.247],[158.29,207.774],[158.3,192.687],[158.31,236.329],[158.32,268.589],[158.33,295.618],[158.34,129.714],[158.35,409.103],[158.36,750.903],[158.37,230.206],[158.38,462.415],[158.39,1193.039],[158.4,348.271]]},"raw":{}}
{"exchange":"binance","instance_id":"A","symbol":"SOL-USD","event_ts":1762349863.195,"seq":25821811070,"depth":{"last_seq":25821811070,"bids":[[158.2,236.234],[158.19,1008.477],[158.18,178.684],[158.17,300.158],[158.16,702.659],[158.15,1106.36],[158.14,120.48],[158.13,199.825],[158.12,386.574],[158.11,1132.65],[158.1,250.669],[158.09,477.102],[158.08,565.484],[158.07,88.465],[158.06,78.372],[158.05,365.845],[158.04,1073.666],[158.03,178.353],[158.02,49.605],[158.01,278.13]],"asks":[[158.21,126.494],[158.22,58.502],[158.23,138.404],[158.24,107.44],[158.25,187.673],[158.26,170.417],[158.27,176.505],[158.28,179.247],[158.29,207.774],[158.3,192.687],[158.31,236.329],[158.32,268.589],[158.33,295.618],[158.34,129.714],[158.35,409.103],[158.36,750.903],[158.37,230.206],[158.38,462.415],[158.39,1193.039],[158.4,348.271]]},"raw":{}}
{"exchange":"binance","instance_id":"A","symbol":"SOL-USD","event_ts":1762349863.295,"seq":25821811073,"depth":{"last_seq":25821811073,"bids":[[158.2,236.234],[158.19,1008.477],[158.18,178.684],[158.17,300.158],[158.16,702.659],[158.15,1106.36],[158.14,120.48],[158.13,199.825],[158.12,386.574],[158.11,1132.65],[158.1,250.669],[158.09,477.102],[158.08,565.484],[158.07,88.465],[158.06,82.467],[158.05,365.845],[158.04,1073.666],[158.03,178.353],[158.02,49.605],[158.01,278.13]],"asks":[[158.21,126.494],[158.22,58.502],[158.23,138.404],[158.24,107.44],[158.25,187.673],[158.26,170.417],[158.27,176.505],[158.28,179.247],[158.29,207.774],[158.3,192.687],[158.31,236.329],[158.32,268.589],[158.33,295.618],[158.34,129.714],[158.35,413.198],[158.36,750.903],[158.37,230.206],[158.38,462.415],[158.39,1193.039],[158.4,348.271]]},"raw":{}}
{"exchange":"binance","instance_id":"A","symbol":"SOL-USD","event_ts":1762349863.395,"seq":25821811081,"depth":{"last_seq":25821811081,"bids":[[158.2,236.436],[158.19,1008.477],[158.18,185.679],[158.17,299.758],[158.16,701.528],[158.15,1106.36],[158.14,120.48],[158.13,199.825],[158.12,386.574],[158.11,1132.65],[158.1,251.069],[158.09,477.102],[158.08,565.484],[158.07,88.465],[158.06,82.467],[158.05,365.845],[158.04,1073.666],[158.03,178.353],[158.02,49.605],[158.01,278.13]],"asks":[[158.21,125.583],[158.22,58.502],[158.23,138.404],[158.24,107.44],[158.25,188.073],[158.26,170.417],[158.27,176.505],[158.28,179.247],[158.29,207.774],[158.3,192.287],[158.31,236.329],[158.32,268.589],[158.33,295.618],[158.34,129.714],[158.35,413.198],[158.36,750.903],[158.37,230.206],[158.38,462.415],[158.39,1193.039],[158.4,348.271]]},"raw":{}}
{"exchange":"binance","instance_id":"A","symbol":"SOL-USD","event_ts":1762349863.495,"seq":25821811097,"depth":{"last_seq":25821811097,"bids":[[158.2,205.115],[158.19,1008.477],[158.18,185.679],[158.17,299.758],[158.16,701.528],[158.15,1106.36],[158.14,120.48],[158.13,199.825],[158.12,387.074],[158.11,1132.65],[158.1,251.069],[158.09,477.102],[158.08,565.484],[158.07,88.465],[158.06,82.467],[158.05,365.845],[158.04,1073.666],[158.03,178.353],[158.02,49.605],[158.01,278.13]],"asks":[[158.21,125.583],[158.22,58.502],[158.23,138.336],[158.24,107.44],[158.25,188.073],[158.26,170.417],[158.27,176.505],[158.28,179.247],[158.29,207.774],[158.3,192.287],[158.31,236.329],[158.32,268.589],[158.33,296.4],[158.34,129.714],[158.35,412.416],[158.36,750.903],[158.37,230.206],[158.38,462.415],[158.39,1193.039],[158.4,348.271]]},"raw":{}}
{"exchange":"binance","instance_id":"A","symbol":"SOL-USD","event_ts":1762349863.595,"seq":25821811099,"depth":{"last_seq":25821811099,"bids":[[158.2,198.249],[158.19,1008.477],[158.18,185.679],[158.17,299.758],[158.16,702.659],[158.15,1106.36],[158.14,120.48],[158.13,199.825],[158.12,387.074],[158.11,1132.65],[158.1,251.069],[158.09,477.102],[158.08,565.484],[158.07,88.465],[158.06,82.467],[158.05,365.845],[158.04,1073.666],[158.03,178.353],[158.02,49.605],[158.01,278.13]],"asks":[[158.21,125.583],[158.22,58.502],[158.23,138.336],[158.24,107.44],[158.25,188.073],[158.26,170.417],[158.27,176.505],[158.28,179.247],[158.29,207.774],[158.3,192.287],[158.31,236.329],[158.32,268.589],[158.33,296.4],[158.34,129.714],[158.35,412.416],[158.36,750.903],[158.37,230.206],[158.38,462.415],[158.39,1193.039],[158.4,348.271]]},"raw":{}}
{"exchange":"binance","instance_id":"A","symbol":"SOL-USD","event_ts":1762349863.695,"seq":25821811103,"depth":{"last_seq":25821811103,"bids":[[158.2,198.249],[158.19,1008.477],[158.18,185.679],[158.17,299.758],[158.16,702.659],[158.15,1106.36],[158.14,120.48],[158.13,199.825],[158.12,387.074],[158.11,1132.65],[158.1,251.069],[158.09,477.102],[158.08,565.484],[158.07,88.465],[158.06,82.467],[158.05,365.845],[158.04,1073.666],[158.03,178.353],[158.02,49.605],[158.01,278.13]],"asks":[[158.21,125.583],[158.22,58.502],[158.23,138.368],[158.24,107.44],[158.25,188.073],[158.26,170.417],[158.27,176.505],[158.28,179.247],[158.29,207.774],[158.3,192.287],[158.31,236.329],[158.32,268.589],[158.33,296.4],[158.34,129.714],[158.35,412.416],[158.36,750.903],[158.37,230.206],[158.38,462.415],[158.39,1193.039],[158.4,348.271]]},"raw":{}}
{"exchange":"binance","instance_id":"A","symbol":"SOL-USD","event_ts":1762349863.795,"seq":25821811104,"depth":{"last_seq":25821811104,"bids":[[158.2,194.141],[158.19,1008.477],[158.18,185.679],[158.17,299.758],[158.16,702.659],[158.15,1106.36],[158.14,120.48],[158.13,199.825],[158.12,387.074],[158.11,1132.65],[158.1,251.069],[158.09,477.102],[158.08,565.484],[158.07,88.465],[158.06,82.467],[158.05,365.845],[158.04,1073.666],[158.03,178.353],[158.02,49.605],[158.01,278.13]],"asks":[[158.21,125.583],[158.22,58.502],[158.23,138.368],[158.24,107.44],[158.25,188.073],[158.26,170.417],[158.27,176.505],[158.28,179.247],[158.29,207.774],[158.3,192.287],[158.31,236.329],[158.32,268.589],[158.33,296.4],[158.34,129.714],[158.35,412.416],[158.36,750.903],[158.37,230.206],[158.38,462.415],[158.39,1193.039],[158.4,348.271]]},"raw":{}}
{"exchange":"binance","instance_id":"A","symbol":"SOL-USD","event_ts":1762349863.895,"seq":25821811147,"depth":{"last_seq":25821811147,"bids":[[158.2,200.883],[158.19,1069.632],[158.18,185.679],[158.17,299.758],[158.16,702.659],[158.15,1043.122],[158.14,120.48],[158.13,199.825],[158.12,386.574],[158.11,1132.65],[158.1,251.069],[158.09,477.102],[158.08,565.484],[158.07,88.465],[158.06,82.467],[158.05,365.845],[158.04,1073.666],[158.03,178.353],[158.02,49.605],[158.01,278.13]],"asks":[[158.21,2.064],[158.22,63.836],[158.23,57.522],[158.24,75.04],[158.25,235.306],[158.26,186.417],[158.27,176.505],[158.28,179.247],[158.29,207.774],[158.3,192.287],[158.31,245.803],[158.32,268.589],[158.33,296.4],[158.34,129.714],[158.35,412.416],[158.36,750.903],[158.37,230.206],[158.38,462.415],[158.39,1193.039],[158.4,348.271]]},"raw":{}}
{"exchange":"binance","instance_id":"A","symbol":"SOL-USD","event_ts":1762349863.995,"seq":25821811232,"depth":{"last_seq":25821811232,"bids":[[158.21,210.317],[158.2,425.12],[158.19,1069.632],[158.18,185.615],[158.17,330.251],[158.16,702.591],[158.15,1046.282],[158.14,120.48],[158.13,199.825],[158.12,386.574],[158.11,1132.65],[158.1,251.069],[158.09,477.102],[158.08,565.484],[158.07,88.465],[158.06,82.467],[158.05,365.845],[158.04,1073.666],[158.03,178.353],[158.02,49.573]],"asks":[[158.22,117.568],[158.23,57.522],[158.24,75.104],[158.25,202.413],[158.26,189.013],[158.27,176.505],[158.28,197.036],[158.29,207.806],[158.3,192.287],[158.31,245.803],[158.32,268.589],[158.33,295.618],[158.34,130.496],[158.35,412.416],[158.36,750.903],[158.37,230.206],[158.38,462.415],[158.39,1193.039],[158.4,348.303],[158.41,188.509]]},"raw":{}}
{"exchange":"binance","instance_id":"A","symbol":"SOL-USD","event_ts":1762349864.095,"seq":25821811236,"depth":{"last_seq":25821811236,"bids":[[158.21,210.317],[158.2,425.12],[158.19,1069.632],[158.18,185.615],[158.17,381.279],[158.16,702.591],[158.15,1046.282],[158.14,120.48],[158.13,199.825],[158.12,386.574],[158.11,1132.65],[158.1,251.069],[158.09,477.102],[158.08,565.484],[158.07,88.465],[158.06,82.467],[158.05,365.845],[158.04,1073.666],[158.03,178.353],[158.02,49.573]],"asks":[[158.22,117.568],[158.23,57.522],[158.24,75.104],[158.25,202.413],[158.26,189.013],[158.27,176.505],[158.28,197.036],[158.29,207.806],[158.3,192.287],[158.31,245.803],[158.32,268.589],[158.33,295.618],[158.34,130.496],[158.35,412.416],[158.36,750.903],[158.37,230.206],[158.38,462.415],[158.39,1193.039],[158.4,348.303],[158.41,188.509]]},"raw":{}}
{"exchange":"binance","instance_id":"A","symbol":"SOL-USD","event_ts":1762349864.295,"seq":25821811244,"depth":{"last_seq":25821811244,"bids":[[158.21,133.731],[158.2,425.12],[158.19,1069.632],[158.18,185.615],[158.17,381.279],[158.16,702.591],[158.15,1046.282],[158.14,120.48],[158.13,199.825],[158.12,386.574],[158.11,1132.65],[158.1,251.069],[158.09,477.102],[158.08,565.484],[158.07,88.465],[158.06,82.467],[158.05,365.845],[158.04,1073.666],[158.03,178.353],[158.02,49.573]],"asks":[[158.22,117.535],[158.23,57.522],[158.24,75.104],[158.25,202.379],[158.26,189.013],[158.27,176.505],[158.28,197.036],[158.29,207.806],[158.3,192.287],[158.31,245.803],[158.32,268.589],[158.33,295.618],[158.34,130.496],[158.35,412.416],[158.36,750.903],[158.37,230.206],[158.38,462.415],[158.39,1193.039],[158.4,348.303],[158.41,188.509]]},"raw":{}}
{"exchange":"binance","instance_id":"A","symbol":"SOL-USD","event_ts":1762349864.395,"seq":25821811258,"depth":{"last_seq":25821811258,"bids":[[158.21,133.676],[158.2,425.12],[158.19,1069.632],[158.18,185.615],[158.17,381.679],[158.16,702.591],[158.15,1046.282],[158.14,120.48],[158.13,199.825],[158.12,386.574],[158.11,1132.65],[158.1,250.669],[158.09,477.102],[158.08,565.484],[158.07,88.465],[158.06,82.467],[158.05,365.845],[158.04,1073.666],[158.03,178.353],[158.02,49.573]],"asks":[[158.22,112.117],[158.23,52.58],[158.24,75.104],[158.25,201.979],[158.26,189.013],[158.27,176.505],[158.28,197.036],[158.29,208.206],[158.3,192.287],[158.31,245.803],[158.32,268.589],[158.33,295.618],[158.34,130.496],[158.35,412.416],[158.36,750.903],[158.37,230.206],[158.38,462.415],[158.39,1193.039],[158.4,348.303],[158.41,188.509]]},"raw":{}}
{"exchange":"binance","instance_id":"A","symbol":"SOL-USD","event_ts":1762349864.495,"seq":25821811269,"depth":{"last_seq":25821811269,"bids":[[158.21,117.693],[158.2,425.12],[158.19,1069.632],[158.18,185.93],[158.17,381.679],[158.16,701.46],[158.15,1046.282],[158.14,120.48],[158.13,199.825],[158.12,386.574],[158.11,1132.65],[158.1,250.669],[158.09,477.102],[158.08,565.484],[158.07,88.465],[158.06,82.467],[158.05,365.845],[158.04,1073.666],[158.03,178.353],[158.02,49.573]],"asks":[[158.22,113.49],[158.23,52.613],[158.24,75.104],[158.25,201.979],[158.26,189.013],[158.27,176.505],[158.28,197.036],[158.29,208.206],[158.3,192.287],[158.31,245.803],[158.32,268.589],[158.33,295.618],[158.34,130.496],[158.35,412.416],[158.36,750.903],[158.37,230.206],[158.38,462.415],[158.39,1193.039],[158.4,348.303],[158.41,188.509]]},"raw":{}}
{"exchange":"binance","instance_id":"A","symbol":"SOL-USD","event_ts":1762349864.595,"seq":25821811274,"depth":{"last_seq":25821811274,"bids":[[158.21,117.693],[158.2,424.918],[158.19,1069.632],[158.18,185.93],[158.17,381.679],[158.16,702.591],[158.15,1046.282],[158.14,120.48],[158.13,199.825],[158.12,386.574],[158.11,1132.65],[158.1,250.669],[158.09,477.102],[158.08,565.484],[158.07,88.465],[158.06,82.467],[158.05,365.845],[158.04,1073.666],[158.03,178.353],[158.02,49.573]],"asks":[[158.22,113.49],[158.23,52.613],[158.24,75.104],[158.25,201.979],[158.26,189.048],[158.27,176.505],[158.28,197.036],[158.29,208.206],[158.3,192.287],[158.31,245.803],[158.32,268.589],[158.33,295.618],[158.34,130.496],[158.35,412.416],[158.36,750.903],[158.37,230.206],[158.38,462.415],[158.39,1193.039],[158.4,348.303],[158.41,188.509]]},"raw":{}}
{"exchange":"binance","instance_id":"A","symbol":"SOL-USD","event_ts":1762349864.695,"seq":25821811293,"depth":{"last_seq":25821811293,"bids":[[158.21,48.607],[158.2,424.986],[158.19,1006.477],[158.18,185.93],[158.17,381.679],[158.16,765.826],[158.15,1046.282],[158.14,120.48],[158.13,199.825],[158.12,386.574],[158.11,1132.65],[158.1,250.669],[158.09,477.102],[158.08,565.484],[158.07,88.465],[158.06,82.467],[158.05,365.845],[158.04,1073.666],[158.03,178.353],[158.02,49.573]],"asks":[[158.22,123.49],[158.23,52.613],[158.24,75.036],[158.25,201.979],[158.26,189.048],[158.27,176.505],[158.28,197.036],[158.29,208.206],[158.3,192.287],[158.31,245.803],[158.32,268.589],[158.33,295.618],[158.34,130.496],[158.35,412.416],[158.36,750.903],[158.37,230.206],[158.38,462.415],[158.39,1193.039],[158.4,348.303],[158.41,188.509]]},"raw":{}}
{"exchange":"binance","instance_id":"A","symbol":"SOL-USD","event_ts":1762349864.795,"seq":25821811298,"depth":{"last_seq":25821811298,"bids":[[158.21,44.499],[158.2,424.986],[158.19,1006.477],[158.18,185.93],[158.17,381.679],[158.16,765.826],[158.15,1046.282],[158.14,120.48],[158.13,199.825],[158.12,386.574],[158.11,1132.65],[158.1,250.669],[158.09,477.102],[158.08,565.484],[158.07,88.465],[158.06,82.467],[158.05,365.845],[158.04,1073.666],[158.03,178.353],[158.02,49.573]],"asks":[[158.22,123.613],[158.23,52.613],[158.24,121.592],[158.25,201.979],[158.26,189.048],[158.27,176.505],[158.28,197.036],[158.29,208.206],[158.3,192.287],[158.31,245.803],[158.32,268.589],[158.33,295.618],[158.34,130.496],[158.35,412.416],[158.36,750.903],[158.37,230.206],[158.38,462.415],[158.39,1193.039],[158.4,348.303],[158.41,188.509]]},"raw":{}}
{"exchange":"binance","instance_id":"A","symbol":"SOL-USD","event_ts":1762349864.895,"seq":25821811304,"depth":{"last_seq":25821811304,"bids":[[158.21,44.499],[158.2,424.986],[158.19,1006.477],[158.18,185.93],[158.17,381.679],[158.16,765.826],[158.15,1046.282],[158.14,120.48],[158.13,199.825],[158.12,386.574],[158.11,1132.65],[158.1,250.669],[158.09,477.102],[158.08,565.484],[158.07,88.465],[158.06,82.467],[158.05,365.845],[158.04,1073.666],[158.03,178.353],[158.02,49.573]],"asks":[[158.22,122.613],[158.23,52.613],[158.24,121.592],[158.25,201.979],[158.26,189.048],[158.27,176.505],[158.28,179.08],[158.29,208.206],[158.3,192.287],[158.31,245.803],[158.32,268.589],[158.33,295.618],[158.34,130.496],[158.35,412.416],[158.36,750.903],[158.37,230.206],[158.38,462.415],[158.39,1193.039],[158.4,348.303],[158.41,188.509]]},"raw":{}}
{"exchange":"binance","instance_id":"A","symbol":"SOL-USD","event_ts":1762349864.995,"seq":25821811311,"depth":{"last_seq":25821811311,"bids":[[158.21,44.499],[158.2,422.986],[158.19,1008.477],[158.18,122.704],[158.17,381.679],[158.16,765.826],[158.15,1046.282],[158.14,183.722],[158.13,199.825],[158.12,386.574],[158.11,1132.65],[158.1,250.669],[158.09,477.102],[158.08,565.484],[158.07,88.465],[158.06,82.467],[158.05,365.845],[158.04,1073.666],[158.03,178.353],[158.02,49.573]],"asks":[[158.22,122.613],[158.23,52.613],[158.24,184.798],[158.25,138.78],[158.26,189.048],[158.27,176.505],[158.28,179.08],[158.29,208.206],[158.3,192.287],[158.31,245.803],[158.32,268.589],[158.33,295.618],[158.34,130.496],[158.35,412.416],[158.36,750.903],[158.37,230.206],[158.38,462.415],[158.39,1193.039],[158.4,348.303],[158.41,188.509]]},"raw":{}}
{"exchange":"binance","instance_id":"A","symbol":"SOL-USD","event_ts":1762349865.095,"seq":25821811350,"depth":{"last_seq":25821811350,"bids":[[158.21,2.227],[158.2,311.697],[158.19,990.058],[158.18,122.772],[158.17,444.91],[158.16,701.46],[158.15,1066.443],[158.14,183.722],[158.13,199.825],[158.12,386.574],[158.11,1132.65],[158.1,250.669],[158.09,439.203],[158.08,565.484],[158.07,88.465],[158.06,82.467],[158.05,365.845],[158.04,1073.666],[158.03,178.353],[158.02,49.573]],"asks":[[158.22,138.058],[158.23,103.818],[158.24,100.464],[158.25,138.78],[158.26,189.048],[158.27,176.505],[158.28,196.998],[158.29,208.206],[158.3,192.287],[158.31,245.803],[158.32,268.589],[158.33,295.618],[158.34,130.496],[158.35,412.416],[158.36,750.903],[158.37,230.206],[158.38,462.415],[158.39,1193.039],[158.4,348.303],[158.41,188.509]]},"raw":{}}
{"exchange":"binance","instance_id":"A","symbol":"SOL-USD","event_ts":1762349865.195,"seq":25821811363,"depth":{"last_seq":25821811363,"bids":[[158.21,7.988],[158.2,311.197],[158.19,990.058],[158.18,122.772],[158.17,444.594],[158.16,701.46],[158.15,1066.443],[158.14,183.722],[158.13,199.825],[158.12,386.574],[158.11,1132.65],[158.1,251.169],[158.09,439.203],[158.08,565.484],[158.07,88.465],[158.06,82.467],[158.05,365.845],[158.04,1073.666],[158.03,178.353],[158.02,49.573]],"asks":[[158.22,138.558],[158.23,80.259],[158.24,101.74],[158.25,138.78],[158.26,189.048],[158.27,176.505],[158.28,196.998],[158.29,208.206],[158.3,191.787],[158.31,245.803],[158.32,268.589],[158.33,295.618],[158.34,130.496],[158.35,412.416],[158.36,750.903],[158.37,230.206],[158.38,462.415],[158.39,1193.039],[158.4,373.417],[158.41,188.509]]},"raw":{}}
{"exchange":"binance","instance_id":"A","symbol":"SOL-USD","event_ts":1762349865.295,"seq":25821811370,"depth":{"last_seq":25821811370,"bids":[[158.21,7.988],[158.2,311.23],[158.19,990.058],[158.18,122.772],[158.17,383.941],[158.16,701.46],[158.15,1066.443],[158.14,183.722],[158.13,199.825],[158.12,386.574],[158.11,1133.15],[158.1,250.669],[158.09,439.203],[158.08,565.484],[158.07,88.465],[158.06,82.467],[158.05,365.845],[158.04,1073.666],[158.03,174.953],[158.02,49.573]],"asks":[[158.22,138.558],[158.23,80.259],[158.24,101.74],[158.25,138.78],[158.26,189.048],[158.27,176.505],[158.28,196.998],[158.29,208.206],[158.3,191.787],[158.31,245.803],[158.32,268.589],[158.33,295.618],[158.34,130.496],[158.35,412.416],[158.36,750.903],[158.37,230.206],[158.38,462.415],[158.39,1193.039],[158.4,373.417],[158.41,188.509]]},"raw":{}}
{"exchange":"binance","instance_id":"A","symbol":"SOL-USD","event_ts":1762349865.395,"seq":25821811385,"depth":{"last_seq":25821811385,"bids":[[158.21,7.988],[158.2,0.458],[158.19,990.058],[158.18,122.772],[158.17,308.871],[158.16,764.694],[158.15,1066.443],[158.14,183.722],[158.13,199.825],[158.12,386.574],[158.11,1164.728],[158.1,250.669],[158.09,439.203],[158.08,565.484],[158.07,88.465],[158.06,82.467],[158.05,365.845],[158.04,1073.666],[158.03,174.953],[158.02,49.573]],"asks":[[158.22,138.558],[158.23,80.259],[158.24,164.946],[158.25,138.78],[158.26,189.048],[158.27,192.308],[158.28,196.998],[158.29,208.206],[158.3,191.787],[158.31,230.0],[158.32,268.589],[158.33,295.618],[158.34,130.496],[158.35,412.416],[158.36,750.903],[158.37,230.206],[158.38,462.415],[158.39,1193.039],[158.4,374.75],[158.41,188.509]]},"raw":{}}
{"exchange":"binance","instance_id":"A","symbol":"SOL-USD","event_ts":1762349865.495,"seq":25821811396,"depth":{"last_seq":25821811396,"bids":[[158.21,7.988],[158.2,292.943],[158.19,990.058],[158.18,122.142],[158.17,288.001],[158.16,748.864],[158.15,1066.443],[158.14,183.722],[158.13,199.825],[158.12,386.574],[158.11,1164.728],[158.1,250.669],[158.09,439.203],[158.08,565.484],[158.07,88.465],[158.06,82.467],[158.05,365.845],[158.04,1073.666],[158.03,174.953],[158.02,49.573]],"asks":[[158.22,138.558],[158.23,101.935],[158.24,164.946],[158.25,138.78],[158.26,189.048],[158.27,192.308],[158.28,196.998],[158.29,208.206],[158.3,191.787],[158.31,230.0],[158.32,268.589],[158.33,295.618],[158.34,130.496],[158.35,412.416],[158.36,750.903],[158.37,230.206],[158.38,462.415],[158.39,1193.039],[158.4,374.75],[158.41,188.509]]},"raw":{}}
{"exchange":"binance","instance_id":"A","symbol":"SOL-USD","event_ts":1762349865.595,"seq":25821811407,"depth":{"last_seq":25821811407,"bids":[[158.21,7.988],[158.2,0.458],[158.19,990.058],[158.18,95.661],[158.17,351.229],[158.16,749.995],[158.15,1066.443],[158.14,183.722],[158.13,199.825],[158.12,387.074],[158.11,1164.228],[158.1,250.669],[158.09,439.203],[158.08,565.484],[158.07,88.465],[158.06,82.467],[158.05,365.845],[158.04,1073.666],[158.03,174.953],[158.02,49.573]],"asks":[[158.22,138.558],[158.23,101.935],[158.24,164.946],[158.25,138.78],[158.26,189.048],[158.27,192.308],[158.28,196.998],[158.29,208.206],[158.3,191.787],[158.31,230.0],[158.32,268.589],[158.33,295.618],[158.34,130.496],[158.35,412.416],[158.36,750.903],[158.37,230.206],[158.38,462.415],[158.39,1193.039],[158.4,374.75],[158.41,188.509]]},"raw":{}}
{"exchange":"binance","instance_id":"A","symbol":"SOL-USD","event_ts":1762349865.695,"seq":25821811416,"depth":{"last_seq":25821811416,"bids":[[158.21,7.988],[158.2,292.943],[158.19,979.958],[158.18,95.661],[158.17,351.229],[158.16,749.995],[158.15,1066.443],[158.14,183.722],[158.13,199.825],[158.12,387.074],[158.11,1164.228],[158.1,250.669],[158.09,439.203],[158.08,565.484],[158.07,88.465],[158.06,82.467],[158.05,365.845],[158.04,1073.666],[158.03,174.953],[158.02,49.573]],"asks":[[158.22,138.558],[158.23,101.935],[158.24,164.946],[158.25,138.78],[158.26,189.048],[158.27,192.308],[158.28,196.998],[158.29,208.206],[158.3,191.787],[158.31,230.0],[158.32,268.589],[158.33,295.618],[158.34,130.496],[158.35,412.416],[158.36,750.903],[158.37,230.206],[158.38,462.415],[158.39,1193.039],[158.4,374.75],[158.41,188.509]]},"raw":{}}
{"exchange":"binance","instance_id":"A","symbol":"SOL-USD","event_ts":1762349865.795,"seq":25821811421,"depth":{"last_seq":25821811421,"bids":[[158.21,7.988],[158.2,292.975],[158.19,979.958],[158.18,158.888],[158.17,351.229],[158.16,749.995],[158.15,1066.443],[158.14,120.48],[158.13,199.825],[158.12,387.074],[158.11,1164.228],[158.1,250.669],[158.09,439.203],[158.08,565.484],[158.07,88.465],[158.06,82.467],[158.05,365.845],[158.04,1073.666],[158.03,174.953],[158.02,49.573]],"asks":[[158.22,138.558],[158.23,101.935],[158.24,164.946],[158.25,138.78],[158.26,189.048],[158.27,192.308],[158.28,196.998],[158.29,208.206],[158.3,191.787],[158.31,230.0],[158.32,268.589],[158.33,295.618],[158.34,130.496],[158.35,412.416],[158.36,750.903],[158.37,230.206],[158.38,462.415],[158.39,1193.039],[158.4,374.75],[158.41,188.509]]},"raw":{}}
{"exchange":"binance","instance_id":"A","symbol":"SOL-USD","event_ts":1762349865.895,"seq":25821811423,"depth":{"last_seq":25821811423,"bids":[[158.21,7.988],[158.2,292.975],[158.19,997.664],[158.18,158.888],[158.17,351.229],[158.16,749.995],[158.15,1046.282],[158.14,120.48],[158.13,199.825],[158.12,387.074],[158.11,1164.228],[158.1,250.669],[158.09,439.203],[158.08,565.484],[158.07,88.465],[158.06,82.467],[158.05,365.845],[158.04,1073.666],[158.03,174.953],[158.02,49.573]],"asks":[[158.22,138.558],[158.23,101.935],[158.24,164.946],[158.25,138.78],[158.26,189.048],[158.27,192.308],[158.28,196.998],[158.29,208.206],[158.3,191.787],[158.31,230.0],[158.32,268.589],[158.33,295.618],[158.34,130.496],[158.35,412.416],[158.36,750.903],[158.37,230.206],[158.38,462.415],[158.39,1193.039],[158.4,374.75],[158.41,188.509]]},"raw":{}}
{"exchange":"binance","instance_id":"A","symbol":"SOL-USD","event_ts":1762349865.995,"seq":25821811425,"depth":{"last_seq":25821811425,"bids":[[158.21,14.33],[158.2,292.975],[158.19,1009.5],[158.18,158.888],[158.17,351.229],[158.16,749.995],[158.15,1046.282],[158.14,120.48],[158.13,199.825],[158.12,387.074],[158.11,1164.228],[158.1,250.669],[158.09,439.203],[158.08,565.484],[158.07,88.465],[158.06,82.467],[158.05,365.845],[158.04,1073.666],[158.03,174.953],[158.02,49.573]],"asks":[[158.22,138.558],[158.23,101.935],[158.24,164.946],[158.25,138.78],[158.26,189.048],[158.27,192.308],[158.28,196.998],[158.29,208.206],[158.3,191.787],[158.31,230.0],[158.32,268.589],[158.33,295.618],[158.34,130.496],[158.35,412.416],[158.36,750.903],[158.37,230.206],[158.38,462.415],[158.39,1193.039],[158.4,374.75],[158.41,188.509]]},"raw":{}}
{"exchange":"binance","instance_id":"A","symbol":"SOL-USD","event_ts":1762349866.095,"seq":25821811470,"depth":{"last_seq":25821811470,"bids":[[158.21,7.332],[158.2,292.91],[158.19,1009.5],[158.18,158.888],[158.17,351.229],[158.16,748.864],[158.15,1046.282],[158.14,120.48],[158.13,199.825],[158.12,387.074],[158.11,1164.228],[158.1,250.669],[158.09,439.203],[158.08,565.484],[158.07,88.465],[158.06,82.467],[158.05,365.845],[158.04,1073.666],[158.03,174.953],[158.02,49.573]],"asks":[[158.22,252.423],[158.23,91.894],[158.24,164.946],[158.25,138.78],[158.26,189.048],[158.27,192.308],[158.28,196.998],[158.29,208.206],[158.3,191.787],[158.31,230.0],[158.32,268.589],[158.33,295.618],[158.34,130.496],[158.35,412.416],[158.36,750.903],[158.37,230.206],[158.38,462.415],[158.39,1192.376],[158.4,374.75],[158.41,188.509]]},"raw":{}}
{"exchange":"binance","instance_id":"A","symbol":"SOL-USD","event_ts":1762349866.195,"seq":25821811491,"depth":{"last_seq":25821811491,"bids":[[158.21,7.332],[158.2,302.942],[158.19,1009.5],[158.18,67.661],[158.17,379.229],[158.16,748.864],[158.15,1046.282],[158.14,183.72],[158.13,199.825],[158.12,387.074],[158.11,1164.228],[158.1,250.669],[158.09,439.203],[158.08,565.484],[158.07,88.465],[158.06,82.467],[158.05,365.845],[158.04,1073.666],[158.03,174.953],[158.02,49.573]],"asks":[[158.22,252.423],[158.23,91.894],[158.24,164.946],[158.25,138.78],[158.26,189.048],[158.27,312.603],[158.28,196.998],[158.29,208.206],[158.3,191.787],[158.31,230.0],[158.32,268.589],[158.33,295.618],[158.34,130.496],[158.35,1363.438],[158.36,750.903],[158.37,230.206],[158.38,462.415],[158.39,1192.376],[158.4,374.75],[158.41,188.509]]},"raw":{}}
{"exchange":"binance","instance_id":"A","symbol":"SOL-USD","event_ts":1762349866.295,"seq":25821811502,"depth":{"last_seq":25821811502,"bids":[[158.21,7.332],[158.2,302.942],[158.19,979.958],[158.18,91.957],[158.17,379.229],[158.16,748.864],[158.15,1066.442],[158.14,183.72],[158.13,199.825],[158.12,387.074],[158.11,1164.228],[158.1,250.669],[158.09,439.203],[158.08,565.484],[158.07,88.465],[158.06,82.467],[158.05,365.845],[158.04,1073.666],[158.03,174.953],[158.02,49.573]],"asks":[[158.22,252.423],[158.23,91.894],[158.24,164.946],[158.25,138.78],[158.26,227.78],[158.27,312.603],[158.28,196.998],[158.29,208.206],[158.3,191.787],[158.31,230.0],[158.32,268.589],[158.33,295.618],[158.34,410.459],[158.35,1363.438],[158.36,750.903],[158.37,230.206],[158.38,275.447],[158.39,1192.376],[158.4,374.75],[158.41,188.509]]},"raw":{}}
{"exchange":"binance","instance_id":"A","symbol":"SOL-USD","event_ts":1762349866.395,"seq":25821811508,"depth":{"last_seq":25821811508,"bids":[[158.21,7.332],[158.2,302.975],[158.19,979.958],[158.18,91.957],[158.17,380.395],[158.16,748.864],[158.15,1066.442],[158.14,183.72],[158.13,199.825],[158.12,387.074],[158.11,1164.228],[158.1,250.669],[158.09,439.203],[158.08,565.484],[158.07,88.465],[158.06,82.467],[158.05,365.845],[158.04,1073.666],[158.03,174.953],[158.02,49.573]],"asks":[[158.22,252.491],[158.23,91.894],[158.24,164.946],[158.25,138.78],[158.26,227.78],[158.27,312.603],[158.28,196.998],[158.29,208.206],[158.3,191.787],[158.31,230.0],[158.32,268.589],[158.33,295.618],[158.34,410.459],[158.35,1363.438],[158.36,750.903],[158.37,230.206],[158.38,275.447],[158.39,1192.376],[158.4,374.75],[158.41,188.509]]},"raw":{}}
{"exchange":"binance","instance_id":"A","symbol":"SOL-USD","event_ts":1762349866.495,"seq":25821811509,"depth":{"last_seq":25821811509,"bids":[[158.21,7.201],[158.2,302.975],[158.19,979.958],[158.18,91.957],[158.17,380.395],[158.16,748.864],[158.15,1066.442],[158.14,183.72],[158.13,199.825],[158.12,387.074],[158.11,1164.228],[158.1,250.669],[158.09,439.203],[158.08,565.484],[158.07,88.465],[158.06,82.467],[158.05,365.845],[158.04,1073.666],[158.03,174.953],[158.02,49.573]],"asks":[[158.22,252.491],[158.23,91.894],[158.24,164.946],[158.25,138.78],[158.26,227.78],[158.27,312.603],[158.28,196.998],[158.29,208.206],[158.3,191.787],[158.31,230.0],[158.32,268.589],[158.33,295.618],[158.34,410.459],[158.35,1363.438],[158.36,750.903],[158.37,230.206],[158.38,275.447],[158.39,1192.376],[158.4,374.75],[158.41,188.509]]},"raw":{}}
{"exchange":"binance","instance_id":"A","symbol":"SOL-USD","event_ts":1762349866.595,"seq":25821811511,"depth":{"last_seq":25821811511,"bids":[[158.21,8.428],[158.2,302.975],[158.19,979.958],[158.18,86.557],[158.17,380.395],[158.16,748.864],[158.15,1066.442],[158.14,183.72],[158.13,199.825],[158.12,387.074],[158.11,1164.228],[158.1,250.669],[158.09,439.203],[158.08,565.484],[158.07,88.465],[158.06,82.467],[158.05,365.845],[158.04,1073.666],[158.03,174.953],[158.02,49.573]],"asks":[[158.22,252.491],[158.23,91.894],[158.24,164.946],[158.25,138.78],[158.26,227.78],[158.27,312.603],[158.28,196.998],[158.29,208.206],[158.3,191.787],[158.31,230.0],[158.32,268.589],[158.33,295.618],[158.34,410.459],[158.35,1363.438],[158.36,750.903],[158.37,230.206],[158.38,275.447],[158.39,1192.376],[158.4,374.75],[158.41,188.509]]},"raw":{}}
{"exchange":"binance","instance_id":"A","symbol":"SOL-USD","event_ts":1762350215.195,"seq":25821998573,"depth":{"last_seq":25821998573,"bids":[[159.31,98.976],[159.3,133.901],[159.29,209.628],[159.26,1318.169],[159.24,384.981],[159.2,552.37],[158.87,0.191],[149.77,4.857]],"asks":[[159.32,49.362],[159.33,29.848],[159.34,76.682],[159.35,210.033],[159.37,198.674],[159.59,1313.896],[250.0,38065.747]]},"raw":{}}
{"exchange":"binance","instance_id":"A","symbol":"SOL-USD","event_ts":1762350215.295,"seq":25821998613,"depth":{"last_seq":25821998613,"bids":[[159.31,46.379],[159.3,196.715],[159.29,209.694],[159.28,240.68],[159.26,1202.423],[159.25,191.104],[159.24,300.401],[159.2,502.37],[158.87,0.191],[149.77,4.857]],"asks":[[159.32,77.606],[159.33,29.815],[159.34,139.385],[159.35,147.267],[159.37,198.674],[159.38,534.516],[159.59,1313.896],[250.0,38065.747]]},"raw":{}}
{"exchange":"binance","instance_id":"A","symbol":"SOL-USD","event_ts":1762350215.395,"seq":25821998649,"depth":{"last_seq":25821998649,"bids":[[159.31,69.897],[159.3,196.682],[159.29,181.518],[159.28,240.68],[159.26,1288.169],[159.25,191.104],[159.24,300.401],[159.2,502.37],[158.87,0.191],[158.04,0.032],[149.77,4.857],[147.38,29.953],[143.39,1.553]],"asks":[[159.32,39.605],[159.33,51.427],[159.34,108.446],[159.35,147.267],[159.37,197.543],[159.38,534.516],[159.41,111.883],[159.59,1313.896],[250.0,38065.747]]},"raw":{}}
{"exchange":"binance","instance_id":"A","symbol":"SOL-USD","event_ts":1762350215.495,"seq":25821998659,"depth":{"last_seq":25821998659,"bids":[[159.31,71.576],[159.3,196.682],[159.29,181.518],[159.28,240.68],[159.26,1287.038],[159.25,191.104],[159.24,300.401],[159.2,502.37],[158.87,0.191],[158.04,0.032],[149.77,4.857],[147.38,29.953],[143.39,1.553]],"asks":[[159.32,43.505],[159.33,51.427],[159.34,108.446],[159.35,147.267],[159.36,417.111],[159.37,197.543],[159.38,534.516],[159.39,358.547],[159.41,111.883],[159.59,1313.896],[250.0,38065.747]]},"raw":{}}
{"exchange":"binance","instance_id":"A","symbol":"SOL-USD","event_ts":1762350215.595,"seq":25821998758,"depth":{"last_seq":25821998758,"bids":[[159.32,35.171],[159.31,65.392],[159.3,196.616],[159.29,181.518],[159.28,241.935],[159.27,1092.944],[159.26,1287.038],[159.25,191.104],[159.24,300.369],[159.2,502.37],[159.13,375.653],[158.87,0.191],[158.56,0.064],[158.04,0.032],[149.77,4.857],[147.38,29.953],[143.39,1.553],[140.21,8.318]],"asks":[[159.33,189.649],[159.34,45.677],[159.35,148.965],[159.36,445.612],[159.37,197.577],[159.38,503.144],[159.39,358.547],[159.4,293.908],[159.41,92.153],[159.51,1169.03],[159.59,1313.896],[159.67,249.844],[160.08,9.324],[250.0,38065.747]]},"raw":{}}
{"exchange":"binance","instance_id":"A","symbol":"SOL-USD","event_ts":1762350215.695,"seq":25821998773,"depth":{"last_seq":25821998773,"bids":[[159.32,35.171],[159.31,65.55],[159.3,196.682],[159.29,181.455],[159.28,378.679],[159.27,1091.689],[159.26,1287.038],[159.25,191.104],[159.24,300.369],[159.2,502.37],[159.13,375.653],[158.87,0.191],[158.56,0.064],[158.04,0.032],[149.77,4.857],[147.38,29.953],[144.99,4.77],[143.39,1.553],[140.21,8.318]],"asks":[[159.33,192.323],[159.34,45.677],[159.35,148.899],[159.36,445.612],[159.37,197.577],[159.38,503.144],[159.39,358.547],[159.4,293.908],[159.41,92.153],[159.51,1169.03],[159.59,1313.896],[159.67,249.844],[159.74,699.492],[159.75,113.906],[160.08,9.324],[250.0,38065.747]]},"raw":{}}
{"exchange":"binance","instance_id":"A","symbol":"SOL-USD","event_ts":1762350215.795,"seq":25821998792,"depth":{"last_seq":25821998792,"bids":[[159.32,60.853],[159.31,68.428],[159.3,196.682],[159.29,218.69],[159.28,378.679],[159.27,988.019],[159.26,1287.038],[159.25,191.104],[159.24,300.369],[159.2,502.37],[159.13,375.653],[158.87,0.191],[158.56,0.064],[158.04,0.032],[156.14,0.474],[156.13,0.468],[149.77,4.857],[147.38,29.953],[144.99,4.77],[143.39,1.553]],"asks":[[159.33,192.323],[159.34,48.677],[159.35,211.662],[159.36,382.85],[159.37,197.577],[159.38,503.144],[159.39,358.547],[159.4,293.908],[159.41,92.153],[159.51,1169.03],[159.59,1313.896],[159.64,145.447],[159.67,249.844],[159.74,699.492],[159.75,113.906],[160.08,9.324],[162.5,1435.772],[162.51,6.894],[173.64,11.746],[176.21,1.93]]},"raw":{}}
{"exchange":"binance","instance_id":"A","symbol":"SOL-USD","event_ts":1762350215.895,"seq":25821998796,"depth":{"last_seq":25821998796,"bids":[[159.32,60.853],[159.31,68.428],[159.3,196.682],[159.29,218.69],[159.28,378.679],[159.27,988.019],[159.26,1287.038],[159.25,191.104],[159.24,300.369],[159.2,502.37],[159.13,375.653],[158.87,0.191],[158.56,0.064],[158.04,0.032],[156.14,0.474],[156.13,0.468],[149.77,4.857],[147.38,29.953],[144.99,4.77],[143.39,1.553]],"asks":[[159.33,192.323],[159.34,66.863],[159.35,211.662],[159.36,382.85],[159.37,197.577],[159.38,503.144],[159.39,358.547],[159.4,293.908],[159.41,92.153],[159.51,1169.03],[159.59,1313.896],[159.64,145.447],[159.67,249.844],[159.74,699.492],[159.75,113.906],[160.08,9.324],[162.5,1435.772],[162.51,6.894],[173.64,11.746],[176.21,1.93]]},"raw":{}}
{"exchange":"binance","instance_id":"A","symbol":"SOL-USD","event_ts":1762350215.995,"seq":25821998800,"depth":{"last_seq":25821998800,"bids":[[159.32,60.853],[159.31,68.428],[159.3,196.682],[159.29,218.577],[159.28,378.679],[159.27,988.019],[159.26,1287.038],[159.25,191.104],[159.24,300.369],[159.2,502.37],[159.19,971.01],[159.13,375.653],[158.87,0.191],[158.56,0.064],[158.04,0.032],[156.14,0.474],[156.13,0.468],[149.77,4.857],[147.38,29.953],[144.99,4.77]],"asks":[[159.33,192.323],[159.34,66.863],[159.35,211.662],[159.36,382.85],[159.37,197.577],[159.38,503.144],[159.39,361.057],[159.4,293.908],[159.41,92.153],[159.51,1169.03],[159.59,1313.896],[159.64,145.447],[159.67,249.844],[159.74,699.492],[159.75,113.906],[160.08,9.324],[162.5,1435.772],[162.51,6.894],[173.64,11.746],[176.21,1.93]]},"raw":{}}
{"exchange":"binance","instance_id":"A","symbol":"SOL-USD","event_ts":1762350216.095,"seq":25821998813,"depth":{"last_seq":25821998813,"bids":[[159.32,60.788],[159.31,68.428],[159.3,196.682],[159.29,218.577],[159.28,378.712],[159.27,988.019],[159.26,1287.038],[159.25,191.104],[159.24,300.369],[159.22,1005.385],[159.2,501.97],[159.19,971.01],[159.13,375.653],[158.87,0.191],[158.56,0.064],[158.04,0.032],[156.14,0.474],[156.13,0.468],[149.77,4.857],[147.38,29.953]],"asks":[[159.33,192.323],[159.34,66.863],[159.35,211.662],[159.36,382.85],[159.37,197.577],[159.38,503.144],[159.39,361.057],[159.4,293.908],[159.41,92.153],[159.51,1169.03],[159.59,1332.543],[159.61,560.5],[159.62,397.748],[159.63,1129.026],[159.64,164.094],[159.65,275.569],[159.66,593.917],[159.67,249.844],[159.74,699.492],[159.75,113.906]]},"raw":{}}
