{"exchange":"bybit","instance_id":"A","symbol":"SOL-USD","event_ts":1762205084.497,"seq":47851541,"depth":{"last_seq":47851541,"bids":[[164.79,97.0135],[164.78,69.8453],[164.77,64.2436],[164.76,66.6233],[164.75,14.3761],[164.74,16.7349],[164.73,50.6497],[164.72,6.131],[164.71,22.4314],[164.7,44.4765],[164.69,41.5576],[164.68,103.8035],[164.67,240.3066],[164.66,132.5921],[164.65,18.5958],[164.64,184.6708],[164.63,13.6347],[164.62,38.4842],[164.61,340.3921],[164.6,131.9623]],"asks":[[164.8,44.8318],[164.81,24.3983],[164.82,55.7117],[164.83,83.5467],[164.84,44.0485],[164.85,62.5867],[164.86,76.8387],[164.87,152.9744],[164.88,42.617],[164.89,31.7804],[164.9,19.419],[164.91,52.3767],[164.92,111.8266],[164.93,44.9481],[164.94,144.6057],[164.95,103.3837],[164.96,23.9388],[164.97,23.5212],[164.98,64.7005],[164.99,24.1701]]},"raw":{}}
{"exchange":"bybit","instance_id":"A","symbol":"SOL-USD","event_ts":1762205084.516,"seq":47851542,"depth":{"last_seq":47851542,"bids":[[164.79,97.0135],[164.78,81.9827],[164.77,52.1052],[164.76,66.6233],[164.75,14.3761],[164.74,16.7349],[164.73,50.6497],[164.72,6.131],[164.71,22.4314],[164.7,44.4765],[164.69,41.5576],[164.68,103.8035],[164.67,240.3066],[164.66,132.5921],[164.65,18.5958],[164.64,184.6708],[164.63,13.6347],[164.62,38.4842],[164.61,340.3921],[164.6,131.9623]],"asks":[[164.8,44.8318],[164.81,24.3983],[164.82,55.7117],[164.83,83.5467],[164.84,44.0485],[164.85,62.5867],[164.86,76.8387],[164.87,152.9744],[164.88,42.617],[164.89,31.7804],[164.9,19.419],[164.91,52.3767],[164.92,111.8266],[164.93,44.9481],[164.94,144.6057],[164.95,103.3837],[164.96,23.9388],[164.97,23.5212],[164.98,64.7005],[164.99,24.1701]]},"raw":{}}
{"exchange":"bybit","instance_id":"A","symbol":"SOL-USD","event_ts":1762205084.536,"seq":47851543,"depth":{"last_seq":47851543,"bids":[[164.79,97.0135],[164.78,81.9826],[164.77,52.1052],[164.76,66.6233],[164.75,14.3761],[164.74,16.7349],[164.73,50.6497],[164.72,6.131],[164.71,22.4314],[164.7,44.4765],[164.69,41.5576],[164.68,103.8035],[164.67,240.3066],[164.66,132.5921],[164.65,18.5958],[164.64,184.6708],[164.63,13.6347],[164.62,38.4842],[164.61,340.3921],[164.6,131.9623]],"asks":[[164.8,44.8318],[164.81,24.3983],[164.82,55.7117],[164.83,83.5467],[164.84,44.0485],[164.85,62.5867],[164.86,76.8387],[164.87,152.9744],[164.88,42.617],[164.89,31.7804],[164.9,19.419],[164.91,52.3767],[164.92,111.8266],[164.93,44.9481],[164.94,144.6057],[164.95,103.3837],[164.96,23.9388],[164.97,23.5212],[164.98,64.7005],[164.99,167.0657]]},"raw":{}}
{"exchange":"bybit","instance_id":"A","symbol":"SOL-USD","event_ts":1762205084.556,"seq":47851544,"depth":{"last_seq":47851544,"bids":[[164.79,97.0135],[164.78,81.9826],[164.77,52.1052],[164.76,66.6233],[164.75,14.3761],[164.74,16.7349],[164.73,50.6497],[164.72,6.131],[164.71,22.4314],[164.7,44.4765],[164.69,41.5576],[164.68,103.8035],[164.67,240.3066],[164.66,132.5921],[164.65,18.5958],[164.64,184.6708],[164.63,13.6347],[164.62,38.4842],[164.61,340.3921],[164.6,131.9623]],"asks":[[164.8,21.5118],[164.81,24.3983],[164.82,55.7117],[164.83,83.5467],[164.84,44.0485],[164.85,64.642],[164.86,76.8387],[164.87,152.9744],[164.88,42.617],[164.89,31.7804],[164.9,19.419],[164.91,52.3767],[164.92,111.8266],[164.93,44.9481],[164.94,144.6057],[164.95,103.3837],[164.96,23.9388],[164.97,23.5212],[164.98,107.1642],[164.99,167.0657]]},"raw":{}}
{"exchange":"bybit","instance_id":"A","symbol":"SOL-USD","event_ts":1762205084.576,"seq":47851545,"depth":{"last_seq":47851545,"bids":[[164.79,97.0135],[164.78,81.9826],[164.77,52.1052],[164.76,66.6233],[164.75,14.3761],[164.74,16.7349],[164.73,50.6497],[164.72,6.131],[164.71,22.4314],[164.7,44.4765],[164.69,41.5576],[164.68,103.5001],[164.67,240.3066],[164.66,132.5921],[164.65,18.5958],[164.64,184.6708],[164.63,13.6347],[164.62,38.4842],[164.61,340.3921],[164.6,131.9623]],"asks":[[164.8,18.1744],[164.81,27.432],[164.82,55.7117],[164.83,83.389],[164.84,44.0485],[164.85,62.2833],[164.86,76.4523],[164.87,152.9744],[164.88,42.617],[164.89,32.1667],[164.9,19.419],[164.91,52.3767],[164.92,111.8266],[164.93,44.9481],[164.94,144.6057],[164.95,103.3837],[164.96,23.9388],[164.97,23.5212],[164.98,107.1642],[164.99,167.0657]]},"raw":{}}
{"exchange":"bybit","instance_id":"A","symbol":"SOL-USD","event_ts":1762205084.596,"seq":47851546,"depth":{"last_seq":47851546,"bids":[[164.79,109.1504],[164.78,69.8453],[164.77,52.1052],[164.76,66.6233],[164.75,14.3761],[164.74,16.7349],[164.73,50.6497],[164.72,6.131],[164.71,22.4314],[164.7,44.4765],[164.69,41.5576],[164.68,103.5001],[164.67,240.3066],[164.66,132.5921],[164.65,18.5958],[164.64,184.6708],[164.63,13.6347],[164.62,38.4842],[164.61,340.3921],[164.6,131.9623]],"asks":[[164.8,18.1744],[164.81,17.5216],[164.82,55.7117],[164.83,83.389],[164.84,44.0485],[164.85,62.2833],[164.86,76.4523],[164.87,152.9744],[164.88,42.617],[164.89,32.1667],[164.9,19.419],[164.91,52.3767],[164.92,111.8266],[164.93,44.9481],[164.94,144.6057],[164.95,103.3837],[164.96,23.9388],[164.97,23.5212],[164.98,107.1642],[164.99,167.0657]]},"raw":{}}
{"exchange":"bybit","instance_id":"A","symbol":"SOL-USD","event_ts":1762205084.616,"seq":47851547,"depth":{"last_seq":47851547,"bids":[[164.79,97.0135],[164.78,81.9819],[164.77,52.1052],[164.76,66.6233],[164.75,14.3761],[164.74,16.7349],[164.73,50.6497],[164.72,6.131],[164.71,22.4314],[164.7,44.4765],[164.69,41.5576],[164.68,103.5001],[164.67,240.3066],[164.66,132.5921],[164.65,18.5958],[164.64,184.6708],[164.63,13.6347],[164.62,38.4842],[164.61,340.3921],[164.6,131.9623]],"asks":[[164.8,18.1744],[164.81,17.5216],[164.82,55.7117],[164.83,83.389],[164.84,44.0485],[164.85,62.2833],[164.86,76.4523],[164.87,152.9744],[164.88,42.617],[164.89,32.1667],[164.9,19.419],[164.91,52.3767],[164.92,111.8266],[164.93,44.9481],[164.94,144.6057],[164.95,103.3837],[164.96,23.9388],[164.97,23.5212],[164.98,107.1642],[164.99,167.0657]]},"raw":{}}
{"exchange":"bybit","instance_id":"A","symbol":"SOL-USD","event_ts":1762205084.636,"seq":47851548,"depth":{"last_seq":47851548,"bids":[[164.79,109.1499],[164.78,69.8453],[164.77,52.1052],[164.76,66.6233],[164.75,14.3761],[164.74,16.7349],[164.73,50.6497],[164.72,6.131],[164.71,22.4314],[164.7,44.4765],[164.69,41.5576],[164.68,103.5001],[164.67,240.3066],[164.66,132.5921],[164.65,18.5958],[164.64,184.6708],[164.63,13.6347],[164.62,38.4842],[164.61,340.3921],[164.6,131.9623]],"asks":[[164.8,18.1744],[164.81,17.5216],[164.82,55.7117],[164.83,71.2508],[164.84,56.1849],[164.85,62.2833],[164.86,76.4523],[164.87,152.9744],[164.88,42.617],[164.89,32.1667],[164.9,19.419],[164.91,52.3767],[164.92,111.8266],[164.93,44.9481],[164.94,144.6057],[164.95,103.3837],[164.96,23.9388],[164.97,23.5212],[164.98,107.1642],[164.99,167.0657]]},"raw":{}}
{"exchange":"bybit","instance_id":"A","symbol":"SOL-USD","event_ts":1762205084.657,"seq":47851549,"depth":{"last_seq":47851549,"bids":[[164.79,109.1499],[164.78,69.8453],[164.77,52.1052],[164.76,66.6233],[164.75,14.3761],[164.74,16.7349],[164.73,50.6497],[164.72,6.131],[164.71,22.4314],[164.7,44.7799],[164.69,41.5576],[164.68,103.5001],[164.67,240.3066],[164.66,132.5921],[164.65,18.5958],[164.64,184.6708],[164.63,13.6347],[164.62,38.4842],[164.61,340.3921],[164.6,131.9623]],"asks":[[164.8,18.1744],[164.81,17.5216],[164.82,55.7117],[164.83,71.2508],[164.84,56.1849],[164.85,62.2833],[164.86,76.4523],[164.87,153.2778],[164.88,42.617],[164.89,32.1667],[164.9,19.419],[164.91,52.3767],[164.92,111.8266],[164.93,44.9481],[164.94,144.6057],[164.95,103.3837],[164.96,23.9388],[164.97,23.5212],[164.98,107.1642],[164.99,167.0657]]},"raw":{}}
{"exchange":"bybit","instance_id":"A","symbol":"SOL-USD","event_ts":1762205084.676,"seq":47851550,"depth":{"last_seq":47851550,"bids":[[164.79,109.1499],[164.78,69.8453],[164.77,52.1052],[164.76,66.6233],[164.75,14.3761],[164.74,16.7349],[164.73,50.6497],[164.72,6.131],[164.71,22.4314],[164.7,44.7799],[164.69,41.5576],[164.68,103.5001],[164.67,240.3066],[164.66,132.5921],[164.65,18.5958],[164.64,184.6708],[164.63,13.6347],[164.62,38.4842],[164.61,340.3921],[164.6,131.9623]],"asks":[[164.8,18.1744],[164.81,27.9905],[164.82,55.7117],[164.83,71.2508],[164.84,56.1849],[164.85,62.2833],[164.86,76.4523],[164.87,153.2778],[164.88,42.617],[164.89,32.1667],[164.9,19.419],[164.91,52.3767],[164.92,111.8266],[164.93,44.9481],[164.94,144.6057],[164.95,103.3837],[164.96,23.9388],[164.97,23.5212],[164.98,107.1642],[164.99,167.0657]]},"raw":{}}
{"exchange":"bybit","instance_id":"A","symbol":"SOL-USD","event_ts":1762205084.716,"seq":47851551,"depth":{"last_seq":47851551,"bids":[[164.79,109.1499],[164.78,69.8453],[164.77,52.1052],[164.76,66.6233],[164.75,14.3761],[164.74,14.6796],[164.73,50.6497],[164.72,6.131],[164.71,22.4314],[164.7,44.7799],[164.69,41.5576],[164.68,103.5001],[164.67,240.3066],[164.66,132.5921],[164.65,18.5958],[164.64,184.6708],[164.63,13.6347],[164.62,38.4842],[164.61,340.3921],[164.6,131.9623]],"asks":[[164.8,18.1744],[164.81,27.9905],[164.82,55.7117],[164.83,71.2508],[164.84,56.1849],[164.85,62.2833],[164.86,76.4523],[164.87,153.2778],[164.88,42.617],[164.89,32.1667],[164.9,19.419],[164.91,52.3767],[164.92,111.8266],[164.93,44.9481],[164.94,144.6057],[164.95,103.3837],[164.96,23.9388],[164.97,23.5212],[164.98,107.1642],[164.99,167.0657]]},"raw":{}}
{"exchange":"bybit","instance_id":"A","symbol":"SOL-USD","event_ts":1762205084.756,"seq":47851552,"depth":{"last_seq":47851552,"bids":[[164.79,109.1499],[164.78,69.8453],[164.77,52.1052],[164.76,66.6233],[164.75,14.3761],[164.74,14.6796],[164.73,50.6497],[164.72,6.131],[164.71,22.4314],[164.7,44.7799],[164.69,41.5576],[164.68,103.5001],[164.67,382.3568],[164.66,132.5921],[164.65,18.5958],[164.64,184.6708],[164.63,13.6347],[164.62,38.4842],[164.61,340.3921],[164.6,131.9623]],"asks":[[164.8,18.1744],[164.81,27.9905],[164.82,55.7117],[164.83,71.2508],[164.84,56.1849],[164.85,62.2833],[164.86,76.4523],[164.87,153.2778],[164.88,42.617],[164.89,32.1667],[164.9,19.419],[164.91,52.3767],[164.92,111.8266],[164.93,44.9481],[164.94,144.6057],[164.95,103.3837],[164.96,23.9388],[164.97,23.5212],[164.98,107.1642],[164.99,167.0657]]},"raw":{}}
{"exchange":"bybit","instance_id":"A","symbol":"SOL-USD","event_ts":1762205084.776,"seq":47851553,"depth":{"last_seq":47851553,"bids":[[164.79,109.1499],[164.78,69.8453],[164.77,52.1052],[164.76,66.6233],[164.75,14.3761],[164.74,16.7349],[164.73,50.6497],[164.72,6.131],[164.71,22.4314],[164.7,44.4765],[164.69,41.861],[164.68,103.5001],[164.67,382.3568],[164.66,132.5921],[164.65,18.5958],[164.64,184.6708],[164.63,13.6347],[164.62,38.4842],[164.61,340.3921],[164.6,131.9623]],"asks":[[164.8,27.8779],[164.81,27.9905],[164.82,55.7117],[164.83,71.2508],[164.84,56.1849],[164.85,62.2833],[164.86,76.7557],[164.87,152.9744],[164.88,42.617],[164.89,32.1667],[164.9,19.419],[164.91,52.3767],[164.92,111.8266],[164.93,44.9481],[164.94,144.6057],[164.95,103.3837],[164.96,23.9388],[164.97,23.5212],[164.98,107.1642],[164.99,167.0657]]},"raw":{}}
{"exchange":"bybit","instance_id":"A","symbol":"SOL-USD","event_ts":1762205084.797,"seq":47851554,"depth":{"last_seq":47851554,"bids":[[164.79,109.1499],[164.78,69.8453],[164.77,52.1052],[164.76,66.6233],[164.75,14.3761],[164.74,16.7349],[164.73,50.6497],[164.72,6.131],[164.71,22.4314],[164.7,44.4765],[164.69,41.861],[164.68,103.5001],[164.67,382.3568],[164.66,132.5921],[164.65,18.5958],[164.64,184.6708],[164.63,13.6347],[164.62,38.4842],[164.61,340.3921],[164.6,131.9623]],"asks":[[164.8,27.8779],[164.81,27.9905],[164.82,55.7117],[164.83,71.2508],[164.84,56.1849],[164.85,64.3386],[164.86,76.7557],[164.87,152.9744],[164.88,42.617],[164.89,32.1667],[164.9,19.419],[164.91,52.3767],[164.92,111.8266],[164.93,44.9481],[164.94,144.6057],[164.95,103.3837],[164.96,23.9388],[164.97,23.5212],[164.98,107.1642],[164.99,167.0657]]},"raw":{}}
{"exchange":"bybit","instance_id":"A","symbol":"SOL-USD","event_ts":1762205084.877,"seq":47851555,"depth":{"last_seq":47851555,"bids":[[164.79,109.1499],[164.78,69.8453],[164.77,52.1052],[164.76,66.6233],[164.75,14.3761],[164.74,16.7349],[164.73,50.6497],[164.72,6.131],[164.71,22.4314],[164.7,44.4765],[164.69,41.861],[164.68,103.5001],[164.67,382.3568],[164.66,132.5921],[164.65,18.5958],[164.64,184.6708],[164.63,13.6347],[164.62,38.4842],[164.61,340.3921],[164.6,131.9623]],"asks":[[164.8,27.8779],[164.81,27.9905],[164.82,55.7117],[164.83,83.388],[164.84,44.0485],[164.85,64.3386],[164.86,76.7557],[164.87,152.9744],[164.88,42.617],[164.89,32.1667],[164.9,19.419],[164.91,52.3767],[164.92,111.8266],[164.93,44.9481],[164.94,144.6057],[164.95,103.3837],[164.96,23.9388],[164.97,23.5212],[164.98,107.1642],[164.99,167.0657]]},"raw":{}}
{"exchange":"bybit","instance_id":"A","symbol":"SOL-USD","event_ts":1762205084.997,"seq":47851556,"depth":{"last_seq":47851556,"bids":[[164.79,109.1499],[164.78,69.8453],[164.77,52.1052],[164.76,66.6233],[164.75,14.3761],[164.74,16.7349],[164.73,50.6497],[164.72,6.131],[164.71,22.4314],[164.7,44.4765],[164.69,41.861],[164.68,103.5001],[164.67,382.3568],[164.66,132.5921],[164.65,18.5958],[164.64,184.6708],[164.63,13.6347],[164.62,38.4842],[164.61,340.3921],[164.6,131.9623]],"asks":[[164.8,27.8779],[164.81,27.9905],[164.82,55.7117],[164.83,83.388],[164.84,41.214],[164.85,64.3386],[164.86,76.7557],[164.87,152.9744],[164.88,42.617],[164.89,32.1667],[164.9,19.419],[164.91,52.3767],[164.92,111.8266],[164.93,44.9481],[164.94,144.6057],[164.95,103.3837],[164.96,23.9388],[164.97,23.5212],[164.98,107.1642],[164.99,167.0657]]},"raw":{}}
{"exchange":"bybit","instance_id":"A","symbol":"SOL-USD","event_ts":1762205085.216,"seq":47851557,"depth":{"last_seq":47851557,"bids":[[164.79,109.1499],[164.78,69.8453],[164.77,52.1052],[164.76,66.6233],[164.75,14.3761],[164.74,16.7349],[164.73,50.6497],[164.72,6.131],[164.71,22.4314],[164.7,44.4765],[164.69,41.861],[164.68,103.5001],[164.67,382.3568],[164.66,132.5921],[164.65,18.5958],[164.64,184.6708],[164.63,13.6347],[164.62,38.4842],[164.61,340.3921],[164.6,131.9623]],"asks":[[164.8,18.4779],[164.81,27.9905],[164.82,55.7117],[164.83,83.388],[164.84,41.214],[164.85,64.3386],[164.86,76.7557],[164.87,152.9744],[164.88,42.617],[164.89,32.1667],[164.9,19.419],[164.91,52.3767],[164.92,111.8266],[164.93,44.9481],[164.94,144.6057],[164.95,103.3837],[164.96,23.9388],[164.97,23.5212],[164.98,107.1642],[164.99,167.0657]]},"raw":{}}
{"exchange":"bybit","instance_id":"A","symbol":"SOL-USD","event_ts":1762205085.316,"seq":47851558,"depth":{"last_seq":47851558,"bids":[[164.79,109.1499],[164.78,69.8453],[164.77,52.1052],[164.76,66.6233],[164.75,14.3761],[164.74,16.7349],[164.73,50.6497],[164.72,6.131],[164.71,22.4314],[164.7,44.4765],[164.69,41.861],[164.68,103.5001],[164.67,382.3568],[164.66,132.5921],[164.65,18.5958],[164.64,184.6708],[164.63,13.6347],[164.62,38.4842],[164.61,340.3921],[164.6,131.9623]],"asks":[[164.8,18.4779],[164.81,27.9905],[164.82,55.7117],[164.83,71.2508],[164.84,53.3512],[164.85,64.3386],[164.86,76.7557],[164.87,152.9744],[164.88,42.617],[164.89,32.1667],[164.9,19.419],[164.91,52.3767],[164.92,111.8266],[164.93,44.9481],[164.94,144.6057],[164.95,103.3837],[164.96,23.9388],[164.97,23.5212],[164.98,107.1642],[164.99,167.0657]]},"raw":{}}
{"exchange":"bybit","instance_id":"A","symbol":"SOL-USD","event_ts":1762205085.416,"seq":47851559,"depth":{"last_seq":47851559,"bids":[[164.79,109.1499],[164.78,69.8453],[164.77,52.1052],[164.76,66.6233],[164.75,14.3761],[164.74,16.7349],[164.73,50.6497],[164.72,6.131],[164.71,22.4314],[164.7,44.4765],[164.69,41.861],[164.68,103.5001],[164.67,382.3568],[164.66,132.5921],[164.65,18.5958],[164.64,184.6708],[164.63,13.6347],[164.62,38.4842],[164.61,340.3921],[164.6,131.9623]],"asks":[[164.8,18.4779],[164.81,27.9905],[164.82,55.7117],[164.83,71.2508],[164.84,56.1176],[164.85,64.3386],[164.86,76.7557],[164.87,152.9744],[164.88,42.617],[164.89,32.1667],[164.9,19.419],[164.91,52.3767],[164.92,111.8266],[164.93,44.9481],[164.94,144.6057],[164.95,103.3837],[164.96,23.9388],[164.97,23.5212],[164.98,107.1642],[164.99,167.0657]]},"raw":{}}
{"exchange":"bybit","instance_id":"A","symbol":"SOL-USD","event_ts":1762205085.456,"seq":47851560,"depth":{"last_seq":47851560,"bids":[[164.79,109.1499],[164.78,69.8453],[164.77,52.1052],[164.76,66.6233],[164.75,14.3761],[164.74,16.7349],[164.73,32.474],[164.72,6.131],[164.71,22.4314],[164.7,44.4765],[164.69,41.861],[164.68,103.5001],[164.67,382.3568],[164.66,132.5921],[164.65,18.5958],[164.64,184.6708],[164.63,13.6347],[164.62,38.4842],[164.61,340.3921],[164.6,131.9623]],"asks":[[164.8,18.4779],[164.81,27.9905],[164.82,55.7117],[164.83,71.2508],[164.84,56.1176],[164.85,64.3386],[164.86,76.7557],[164.87,152.9744],[164.88,42.617],[164.89,32.1667],[164.9,19.419],[164.91,52.3767],[164.92,111.8266],[164.93,44.9481],[164.94,144.6057],[164.95,103.3837],[164.96,23.9388],[164.97,23.5212],[164.98,107.1642],[164.99,167.0657]]},"raw":{}}
{"exchange":"bybit","instance_id":"A","symbol":"SOL-USD","event_ts":1762205085.476,"seq":47851561,"depth":{"last_seq":47851561,"bids":[[164.79,109.1499],[164.78,69.8453],[164.77,52.1052],[164.76,66.6233],[164.75,14.3761],[164.74,16.7349],[164.73,32.474],[164.72,6.131],[164.71,22.4314],[164.7,44.4765],[164.69,41.861],[164.68,103.5001],[164.67,382.3568],[164.66,132.5921],[164.65,18.5958],[164.64,184.6708],[164.63,13.6347],[164.62,38.4842],[164.61,340.3921],[164.6,131.9623]],"asks":[[164.8,17.6112],[164.81,27.9905],[164.82,55.7117],[164.83,71.2508],[164.84,56.1176],[164.85,64.3386],[164.86,76.7557],[164.87,152.9744],[164.88,42.617],[164.89,32.1667],[164.9,19.419],[164.91,52.3767],[164.92,111.8266],[164.93,44.9481],[164.94,144.6057],[164.95,103.3837],[164.96,23.9388],[164.97,23.5212],[164.98,107.1642],[164.99,167.0657]]},"raw":{}}
{"exchange":"bybit","instance_id":"A","symbol":"SOL-USD","event_ts":1762205085.517,"seq":47851562,"depth":{"last_seq":47851562,"bids":[[164.79,109.1499],[164.78,69.8453],[164.77,52.1052],[164.76,66.6233],[164.75,14.3761],[164.74,16.7349],[164.73,50.6497],[164.72,6.131],[164.71,22.4314],[164.7,44.4765],[164.69,41.861],[164.68,103.5001],[164.67,382.3568],[164.66,132.5921],[164.65,18.5958],[164.64,184.6708],[164.63,13.6347],[164.62,38.4842],[164.61,340.3921],[164.6,131.9623]],"asks":[[164.8,17.6112],[164.81,27.9905],[164.82,55.7117],[164.83,71.2508],[164.84,56.1176],[164.85,64.3386],[164.86,76.7557],[164.87,152.9744],[164.88,42.617],[164.89,32.1667],[164.9,19.419],[164.91,52.3767],[164.92,111.8266],[164.93,44.9481],[164.94,144.6057],[164.95,103.3837],[164.96,23.9388],[164.97,23.5212],[164.98,107.1642],[164.99,167.0657]]},"raw":{}}
{"exchange":"bybit","instance_id":"A","symbol":"SOL-USD","event_ts":1762205085.596,"seq":47851563,"depth":{"last_seq":47851563,"bids":[[164.79,109.1499],[164.78,69.8453],[164.77,52.1052],[164.76,66.6233],[164.75,14.3761],[164.74,16.7349],[164.73,50.6497],[164.72,6.131],[164.71,22.4314],[164.7,44.4765],[164.69,41.861],[164.68,103.5001],[164.67,382.3568],[164.66,132.5921],[164.65,18.5958],[164.64,184.6708],[164.63,13.6347],[164.62,38.4842],[164.61,340.3921],[164.6,131.9623]],"asks":[[164.8,27.0112],[164.81,27.9905],[164.82,55.7117],[164.83,71.2508],[164.84,56.1176],[164.85,64.3386],[164.86,76.7557],[164.87,152.9744],[164.88,42.617],[164.89,32.1667],[164.9,19.419],[164.91,52.3767],[164.92,111.8266],[164.93,44.9481],[164.94,144.6057],[164.95,103.3837],[164.96,23.9388],[164.97,23.5212],[164.98,107.1642],[164.99,167.0657]]},"raw":{}}
{"exchange":"bybit","instance_id":"A","symbol":"SOL-USD","event_ts":1762205085.676,"seq":47851564,"depth":{"last_seq":47851564,"bids":[[164.79,109.1499],[164.78,69.8453],[164.77,52.1052],[164.76,66.6233],[164.75,14.3761],[164.74,16.7349],[164.73,50.6497],[164.72,6.131],[164.71,22.4314],[164.7,44.4765],[164.69,41.861],[164.68,103.5001],[164.67,382.3568],[164.66,132.5921],[164.65,18.5958],[164.64,184.6708],[164.63,13.6347],[164.62,38.4842],[164.61,340.3921],[164.6,131.9623]],"asks":[[164.8,27.0112],[164.81,27.9905],[164.82,55.7117],[164.83,83.3882],[164.84,43.9804],[164.85,64.3386],[164.86,76.7557],[164.87,152.9744],[164.88,42.617],[164.89,32.1667],[164.9,19.419],[164.91,52.3767],[164.92,111.8266],[164.93,44.9481],[164.94,144.6057],[164.95,103.3837],[164.96,23.9388],[164.97,23.5212],[164.98,107.1642],[164.99,167.0657]]},"raw":{}}
{"exchange":"bybit","instance_id":"A","symbol":"SOL-USD","event_ts":1762205085.716,"seq":47851565,"depth":{"last_seq":47851565,"bids":[[164.79,109.1499],[164.78,69.8453],[164.77,52.1052],[164.76,66.6233],[164.75,14.3761],[164.74,16.7349],[164.73,50.6497],[164.72,6.131],[164.71,22.4314],[164.7,44.4765],[164.69,41.861],[164.68,103.5001],[164.67,382.3568],[164.66,132.5921],[164.65,18.5958],[164.64,184.6708],[164.63,13.6347],[164.62,38.4842],[164.61,340.3921],[164.6,131.9623]],"asks":[[164.8,27.0112],[164.81,27.9905],[164.82,55.7117],[164.83,83.3882],[164.84,43.9804],[164.85,62.2833],[164.86,76.7557],[164.87,152.9744],[164.88,42.617],[164.89,32.1667],[164.9,19.419],[164.91,52.3767],[164.92,111.8266],[164.93,44.9481],[164.94,144.6057],[164.95,103.3837],[164.96,23.9388],[164.97,23.5212],[164.98,107.1642],[164.99,167.0657]]},"raw":{}}
{"exchange":"bybit","instance_id":"A","symbol":"SOL-USD","event_ts":1762205085.816,"seq":47851566,"depth":{"last_seq":47851566,"bids":[[164.79,109.9388],[164.78,69.8453],[164.77,52.1052],[164.76,66.6233],[164.75,13.5872],[164.74,16.7349],[164.73,50.6497],[164.72,6.131],[164.71,22.4314],[164.7,44.4765],[164.69,41.861],[164.68,103.5001],[164.67,382.3568],[164.66,132.5921],[164.65,18.5958],[164.64,184.6708],[164.63,13.6347],[164.62,38.4842],[164.61,340.3921],[164.6,131.9623]],"asks":[[164.8,17.6112],[164.81,27.9905],[164.82,55.7117],[164.83,83.3882],[164.84,43.9804],[164.85,62.2833],[164.86,76.9134],[164.87,152.9744],[164.88,42.617],[164.89,32.1667],[164.9,19.419],[164.91,52.3767],[164.92,111.8266],[164.93,44.9481],[164.94,144.6057],[164.95,103.3837],[164.96,23.9388],[164.97,23.5212],[164.98,107.1642],[164.99,167.0657]]},"raw":{}}
{"exchange":"bybit","instance_id":"A","symbol":"SOL-USD","event_ts":1762205085.877,"seq":47851567,"depth":{"last_seq":47851567,"bids":[[164.79,109.9388],[164.78,69.8453],[164.77,52.1052],[164.76,66.6233],[164.75,13.5872],[164.74,16.7349],[164.73,50.6497],[164.72,6.131],[164.71,22.4314],[164.7,44.4765],[164.69,41.861],[164.68,103.5001],[164.67,382.3568],[164.66,132.5921],[164.65,18.5958],[164.64,184.6708],[164.63,13.6347],[164.62,38.4842],[164.61,340.3921],[164.6,131.9623]],"asks":[[164.8,17.9434],[164.81,27.9905],[164.82,55.7117],[164.83,83.3882],[164.84,43.9804],[164.85,62.2833],[164.86,76.9134],[164.87,152.9744],[164.88,42.617],[164.89,32.1667],[164.9,19.419],[164.91,52.3767],[164.92,111.8266],[164.93,44.9481],[164.94,144.6057],[164.95,103.3837],[164.96,23.9388],[164.97,23.5212],[164.98,107.1642],[164.99,167.0657]]},"raw":{}}
{"exchange":"bybit","instance_id":"A","symbol":"SOL-USD","event_ts":1762205085.896,"seq":47851568,"depth":{"last_seq":47851568,"bids":[[164.79,109.9388],[164.78,69.8453],[164.77,52.1052],[164.76,66.6233],[164.75,13.5872],[164.74,16.7349],[164.73,50.6497],[164.72,6.131],[164.71,22.4314],[164.7,44.4765],[164.69,41.861],[164.68,103.5001],[164.67,382.3568],[164.66,132.5921],[164.65,18.5958],[164.64,184.6708],[164.63,13.6347],[164.62,38.4842],[164.61,340.3921],[164.6,131.9623]],"asks":[[164.8,17.9434],[164.81,27.9905],[164.82,55.7117],[164.83,71.2508],[164.84,56.1176],[164.85,62.2833],[164.86,76.9134],[164.87,152.9744],[164.88,42.617],[164.89,32.1667],[164.9,19.419],[164.91,52.3767],[164.92,111.8266],[164.93,44.9481],[164.94,144.6057],[164.95,103.3837],[164.96,23.9388],[164.97,23.5212],[164.98,107.1642],[164.99,167.0657]]},"raw":{}}
{"exchange":"bybit","instance_id":"A","symbol":"SOL-USD","event_ts":1762205085.996,"seq":47851569,"depth":{"last_seq":47851569,"bids":[[164.79,109.9388],[164.78,69.8453],[164.77,52.1052],[164.76,66.6233],[164.75,13.5872],[164.74,16.7349],[164.73,50.6497],[164.72,6.131],[164.71,22.4314],[164.7,44.4765],[164.69,41.861],[164.68,103.5001],[164.67,382.3568],[164.66,132.5921],[164.65,18.5958],[164.64,184.6708],[164.63,13.6347],[164.62,38.4842],[164.61,340.3921],[164.6,131.9623]],"asks":[[164.8,17.9434],[164.81,27.9905],[164.82,55.7117],[164.83,71.2508],[164.84,56.1176],[164.85,64.3386],[164.86,76.9134],[164.87,152.9744],[164.88,42.617],[164.89,32.1667],[164.9,19.419],[164.91,52.3767],[164.92,111.8266],[164.93,44.9481],[164.94,144.6057],[164.95,103.3837],[164.96,23.9388],[164.97,23.5212],[164.98,107.1642],[164.99,167.0657]]},"raw":{}}
{"exchange":"bybit","instance_id":"A","symbol":"SOL-USD","event_ts":1762205086.017,"seq":47851570,"depth":{"last_seq":47851570,"bids":[[164.79,109.9388],[164.78,69.8453],[164.77,52.1052],[164.76,66.6233],[164.75,13.5872],[164.74,21.5509],[164.73,50.6497],[164.72,6.131],[164.71,22.4314],[164.7,44.4765],[164.69,41.861],[164.68,103.5001],[164.67,382.3568],[164.66,132.5921],[164.65,18.5958],[164.64,184.6708],[164.63,13.6347],[164.62,38.4842],[164.61,340.3921],[164.6,131.9623]],"asks":[[164.8,17.9434],[164.81,27.9905],[164.82,55.7117],[164.83,71.2508],[164.84,56.1176],[164.85,64.3386],[164.86,76.9134],[164.87,152.9744],[164.88,42.617],[164.89,32.1667],[164.9,19.419],[164.91,52.3767],[164.92,111.8266],[164.93,44.9481],[164.94,144.6057],[164.95,103.3837],[164.96,23.9388],[164.97,23.5212],[164.98,107.1642],[164.99,167.0657]]},"raw":{}}
{"exchange":"bybit","instance_id":"A","symbol":"SOL-USD","event_ts":1762205086.036,"seq":47851571,"depth":{"last_seq":47851571,"bids":[[164.79,109.9388],[164.78,69.8453],[164.77,52.1052],[164.76,66.6233],[164.75,13.5872],[164.74,21.5509],[164.73,50.6497],[164.72,6.131],[164.71,22.4314],[164.7,44.4765],[164.69,41.861],[164.68,103.5001],[164.67,382.3568],[164.66,132.5921],[164.65,18.5958],[164.64,184.6708],[164.63,13.6347],[164.62,38.4842],[164.61,340.3921],[164.6,131.9623]],"asks":[[164.8,17.9434],[164.81,27.9905],[164.82,55.7117],[164.83,71.2508],[164.84,56.1176],[164.85,62.2833],[164.86,76.9134],[164.87,152.9744],[164.88,42.617],[164.89,32.1667],[164.9,19.419],[164.91,52.3767],[164.92,111.8266],[164.93,44.9481],[164.94,144.6057],[164.95,103.3837],[164.96,23.9388],[164.97,23.5212],[164.98,107.1642],[164.99,167.0657]]},"raw":{}}
{"exchange":"bybit","instance_id":"A","symbol":"SOL-USD","event_ts":1762205086.196,"seq":47851572,"depth":{"last_seq":47851572,"bids":[[164.79,109.9388],[164.78,69.8453],[164.77,52.1052],[164.76,66.6233],[164.75,13.5872],[164.74,21.5509],[164.73,50.6497],[164.72,6.131],[164.71,22.4314],[164.7,44.4765],[164.69,41.861],[164.68,103.5001],[164.67,382.3568],[164.66,132.5921],[164.65,18.5958],[164.64,184.6708],[164.63,13.6347],[164.62,38.4842],[164.61,340.3921],[164.6,131.9623]],"asks":[[164.8,17.9434],[164.81,27.9905],[164.82,55.7117],[164.83,71.2508],[164.84,56.1176],[164.85,62.2833],[164.86,76.9134],[164.87,152.9744],[164.88,42.617],[164.89,32.1667],[164.9,19.419],[164.91,52.3767],[164.92,111.8266],[164.93,44.9481],[164.94,144.6057],[164.95,103.3837],[164.96,23.9388],[164.97,23.5212],[164.98,107.1642],[164.99,167.0657]]},"raw":{}}
{"exchange":"bybit","instance_id":"A","symbol":"SOL-USD","event_ts":1762205086.216,"seq":47851573,"depth":{"last_seq":47851573,"bids":[[164.79,109.9388],[164.78,69.8453],[164.77,52.1052],[164.76,66.6233],[164.75,13.5872],[164.74,19.4956],[164.73,50.6497],[164.72,6.131],[164.71,22.4314],[164.7,44.4765],[164.69,41.861],[164.68,103.5001],[164.67,382.3568],[164.66,132.5921],[164.65,18.5958],[164.64,184.6708],[164.63,13.6347],[164.62,38.4842],[164.61,340.3921],[164.6,131.9623]],"asks":[[164.8,17.9434],[164.81,27.9905],[164.82,55.7117],[164.83,71.2508],[164.84,56.1176],[164.85,62.2833],[164.86,76.9134],[164.87,152.9744],[164.88,42.617],[164.89,32.1667],[164.9,19.419],[164.91,52.3767],[164.92,111.8266],[164.93,44.9481],[164.94,144.6057],[164.95,103.3837],[164.96,23.9388],[164.97,23.5212],[164.98,107.1642],[164.99,167.0657]]},"raw":{}}
{"exchange":"bybit","instance_id":"A","symbol":"SOL-USD","event_ts":1762205086.256,"seq":47851574,"depth":{"last_seq":47851574,"bids":[[164.79,109.9388],[164.78,69.8453],[164.77,52.1052],[164.76,66.6233],[164.75,13.5872],[164.74,21.5509],[164.73,50.6497],[164.72,6.131],[164.71,22.4314],[164.7,44.4765],[164.69,41.861],[164.68,103.5001],[164.67,382.3568],[164.66,132.5921],[164.65,18.5958],[164.64,184.6708],[164.63,13.6347],[164.62,38.4842],[164.61,340.3921],[164.6,131.9623]],"asks":[[164.8,17.9434],[164.81,27.9905],[164.82,55.7117],[164.83,71.2508],[164.84,56.1176],[164.85,62.2833],[164.86,76.9134],[164.87,152.9744],[164.88,42.617],[164.89,32.1667],[164.9,19.419],[164.91,52.3767],[164.92,111.8266],[164.93,44.9481],[164.94,144.6057],[164.95,103.3837],[164.96,23.9388],[164.97,23.5212],[164.98,107.1642],[164.99,167.0657]]},"raw":{}}
{"exchange":"bybit","instance_id":"A","symbol":"SOL-USD","event_ts":1762205086.296,"seq":47851575,"depth":{"last_seq":47851575,"bids":[[164.79,109.9388],[164.78,69.8453],[164.77,52.1052],[164.76,66.6233],[164.75,13.5872],[164.74,21.5509],[164.73,50.6497],[164.72,6.131],[164.71,22.4314],[164.7,44.4765],[164.69,41.861],[164.68,103.5001],[164.67,382.3568],[164.66,132.5921],[164.65,18.5958],[164.64,184.6708],[164.63,13.6347],[164.62,38.4842],[164.61,340.3921],[164.6,131.9623]],"asks":[[164.8,17.9434],[164.81,27.9905],[164.82,55.7117],[164.83,71.2508],[164.84,56.1176],[164.85,64.3386],[164.86,76.9134],[164.87,152.9744],[164.88,42.617],[164.89,32.1667],[164.9,19.419],[164.91,52.3767],[164.92,111.8266],[164.93,44.9481],[164.94,144.6057],[164.95,103.3837],[164.96,23.9388],[164.97,23.5212],[164.98,107.1642],[164.99,167.0657]]},"raw":{}}
{"exchange":"bybit","instance_id":"A","symbol":"SOL-USD","event_ts":1762205086.516,"seq":47851576,"depth":{"last_seq":47851576,"bids":[[164.79,109.9388],[164.78,69.8453],[164.77,52.1052],[164.76,66.6233],[164.75,13.5872],[164.74,21.5509],[164.73,50.6497],[164.72,6.131],[164.71,22.4314],[164.7,44.4765],[164.69,41.861],[164.68,103.5001],[164.67,382.3568],[164.66,132.5921],[164.65,18.5958],[164.64,184.6708],[164.63,13.6347],[164.62,38.4842],[164.61,340.3921],[164.6,131.9623]],"asks":[[164.8,18.0664],[164.81,27.9905],[164.82,55.7117],[164.83,71.2508],[164.84,56.1176],[164.85,64.3386],[164.86,76.9134],[164.87,152.9744],[164.88,42.617],[164.89,32.1667],[164.9,19.419],[164.91,52.3767],[164.92,111.8266],[164.93,44.9481],[164.94,144.6057],[164.95,103.3837],[164.96,23.9388],[164.97,23.5212],[164.98,107.1642],[164.99,167.0657]]},"raw":{}}
{"exchange":"bybit","instance_id":"A","symbol":"SOL-USD","event_ts":1762205086.576,"seq":47851577,"depth":{"last_seq":47851577,"bids":[[164.79,109.9388],[164.78,60.0769],[164.77,32.725],[164.76,66.6233],[164.75,13.5872],[164.74,21.5509],[164.73,50.6497],[164.72,6.131],[164.71,22.4314],[164.7,44.4765],[164.69,41.861],[164.68,103.5001],[164.67,382.3568],[164.66,132.5921],[164.65,18.5958],[164.64,184.6708],[164.63,13.6347],[164.62,38.4842],[164.61,340.3921],[164.6,131.9623]],"asks":[[164.8,18.0664],[164.81,27.9905],[164.82,55.7117],[164.83,71.2508],[164.84,56.1176],[164.85,64.3386],[164.86,76.9134],[164.87,152.9744],[164.88,42.617],[164.89,32.1667],[164.9,19.419],[164.91,52.3767],[164.92,111.8266],[164.93,44.9481],[164.94,144.6057],[164.95,103.3837],[164.96,23.9388],[164.97,23.5212],[164.98,107.1642],[164.99,167.0657]]},"raw":{}}
{"exchange":"bybit","instance_id":"A","symbol":"SOL-USD","event_ts":1762205086.597,"seq":47851578,"depth":{"last_seq":47851578,"bids":[[164.79,109.9388],[164.78,60.0769],[164.77,51.3081],[164.76,46.9841],[164.75,13.5872],[164.74,21.5509],[164.73,50.6497],[164.72,6.131],[164.71,22.4314],[164.7,24.8373],[164.69,41.861],[164.68,103.5001],[164.67,382.3568],[164.66,132.5921],[164.65,18.5958],[164.64,184.6708],[164.63,13.6347],[164.62,38.4842],[164.61,340.3921],[164.6,131.9623]],"asks":[[164.8,18.0664],[164.81,27.9905],[164.82,55.7117],[164.83,71.2508],[164.84,56.1176],[164.85,64.3386],[164.86,76.9134],[164.87,152.9744],[164.88,42.617],[164.89,32.1667],[164.9,19.419],[164.91,52.3767],[164.92,111.8266],[164.93,44.9481],[164.94,144.6057],[164.95,103.3837],[164.96,23.9388],[164.97,23.5212],[164.98,107.1642],[164.99,167.0657]]},"raw":{}}
{"exchange":"bybit","instance_id":"A","symbol":"SOL-USD","event_ts":1762205086.616,"seq":47851579,"depth":{"last_seq":47851579,"bids":[[164.79,109.1499],[164.78,60.0769],[164.77,32.725],[164.76,44.2023],[164.75,13.5872],[164.74,21.5509],[164.73,50.6497],[164.72,6.131],[164.71,14.8277],[164.7,24.8373],[164.69,41.861],[164.68,103.5001],[164.67,382.3568],[164.66,132.5921],[164.65,18.5958],[164.64,184.6708],[164.63,13.6347],[164.62,38.4842],[164.61,340.3921],[164.6,131.9623]],"asks":[[164.8,94.7564],[164.81,27.9905],[164.82,55.7117],[164.83,71.2508],[164.84,56.1176],[164.85,64.3386],[164.86,76.9134],[164.87,152.9744],[164.88,42.617],[164.89,32.1667],[164.9,19.419],[164.91,52.3767],[164.92,111.8266],[164.93,44.9481],[164.94,144.6057],[164.95,103.3837],[164.96,23.9388],[164.97,23.5212],[164.98,107.1642],[164.99,167.0657]]},"raw":{}}
{"exchange":"bybit","instance_id":"A","symbol":"SOL-USD","event_ts":1762205086.636,"seq":47851580,"depth":{"last_seq":47851580,"bids":[[164.79,109.1499],[164.78,60.0769],[164.77,32.725],[164.76,44.2023],[164.75,13.5872],[164.74,21.5509],[164.73,50.6497],[164.72,6.131],[164.71,14.8277],[164.7,24.8373],[164.69,41.861],[164.68,132.7825],[164.67,382.3568],[164.66,132.5921],[164.65,18.5958],[164.64,184.6708],[164.63,13.6347],[164.62,38.4842],[164.61,340.3921],[164.6,131.9623]],"asks":[[164.8,94.7564],[164.81,27.9905],[164.82,55.7117],[164.83,71.2508],[164.84,56.1176],[164.85,64.3386],[164.86,76.9134],[164.87,152.9744],[164.88,42.617],[164.89,32.1667],[164.9,19.419],[164.91,52.3767],[164.92,111.8266],[164.93,44.9481],[164.94,144.6057],[164.95,103.3837],[164.96,23.9388],[164.97,23.5212],[164.98,107.1642],[164.99,167.0657]]},"raw":{}}
{"exchange":"bybit","instance_id":"A","symbol":"SOL-USD","event_ts":1762205086.656,"seq":47851581,"depth":{"last_seq":47851581,"bids":[[164.79,109.1499],[164.78,60.0769],[164.77,44.6154],[164.76,44.2023],[164.75,13.5872],[164.74,21.5509],[164.73,50.6497],[164.72,6.131],[164.71,14.8277],[164.7,24.8373],[164.69,41.861],[164.68,132.7825],[164.67,382.3568],[164.66,132.5921],[164.65,18.5958],[164.64,184.6708],[164.63,13.6347],[164.62,38.4842],[164.61,340.3921],[164.6,131.9623]],"asks":[[164.8,94.7564],[164.81,27.9905],[164.82,55.7117],[164.83,71.2508],[164.84,56.1176],[164.85,64.3386],[164.86,76.9134],[164.87,152.9744],[164.88,42.617],[164.89,32.1667],[164.9,19.419],[164.91,52.3767],[164.92,111.8266],[164.93,44.9481],[164.94,144.6057],[164.95,103.3837],[164.96,23.9388],[164.97,23.5212],[164.98,107.1642],[164.99,167.0657]]},"raw":{}}
{"exchange":"bybit","instance_id":"A","symbol":"SOL-USD","event_ts":1762205086.676,"seq":47851582,"depth":{"last_seq":47851582,"bids":[[164.79,109.1499],[164.78,64.4454],[164.77,44.6154],[164.76,44.2023],[164.75,13.5872],[164.74,21.5509],[164.73,50.6497],[164.72,6.131],[164.71,14.8277],[164.7,24.8373],[164.69,41.5576],[164.68,133.0859],[164.67,382.3568],[164.66,132.5921],[164.65,18.5958],[164.64,184.6708],[164.63,13.6347],[164.62,38.4842],[164.61,340.3921],[164.6,131.9623]],"asks":[[164.8,94.7564],[164.81,27.9905],[164.82,55.7117],[164.83,71.2508],[164.84,56.1176],[164.85,62.5867],[164.86,76.61],[164.87,152.9744],[164.88,42.617],[164.89,32.1667],[164.9,19.419],[164.91,52.3767],[164.92,111.8266],[164.93,44.9481],[164.94,144.6057],[164.95,103.3837],[164.96,23.9388],[164.97,23.5212],[164.98,107.1642],[164.99,167.0657]]},"raw":{}}
{"exchange":"bybit","instance_id":"A","symbol":"SOL-USD","event_ts":1762205086.696,"seq":47851583,"depth":{"last_seq":47851583,"bids":[[164.79,97.0135],[164.78,64.4454],[164.77,56.754],[164.76,44.2023],[164.75,33.2264],[164.74,21.5509],[164.73,50.6497],[164.72,6.131],[164.71,14.8277],[164.7,44.4765],[164.69,41.5576],[164.68,133.0859],[164.67,382.3568],[164.66,132.5921],[164.65,18.5958],[164.64,184.6708],[164.63,13.6347],[164.62,38.4842],[164.61,340.3921],[164.6,131.9623]],"asks":[[164.8,94.7564],[164.81,27.9905],[164.82,55.7117],[164.83,83.3895],[164.84,43.9804],[164.85,62.5867],[164.86,76.61],[164.87,152.9744],[164.88,42.617],[164.89,32.1667],[164.9,19.419],[164.91,52.3767],[164.92,111.8266],[164.93,44.9481],[164.94,144.6057],[164.95,103.3837],[164.96,23.9388],[164.97,23.5212],[164.98,107.1642],[164.99,167.0657]]},"raw":{}}
{"exchange":"bybit","instance_id":"A","symbol":"SOL-USD","event_ts":1762205086.717,"seq":47851584,"depth":{"last_seq":47851584,"bids":[[164.79,97.0135],[164.78,70.6745],[164.77,56.754],[164.76,44.2023],[164.75,33.2264],[164.74,21.5509],[164.73,50.6497],[164.72,6.131],[164.71,14.8277],[164.7,44.4765],[164.69,41.5576],[164.68,133.0859],[164.67,382.3568],[164.66,132.5921],[164.65,18.5958],[164.64,184.6708],[164.63,13.6347],[164.62,38.4842],[164.61,340.3921],[164.6,131.9623]],"asks":[[164.8,96.0931],[164.81,27.9905],[164.82,55.7117],[164.83,83.3895],[164.84,43.9804],[164.85,62.5867],[164.86,76.61],[164.87,152.9744],[164.88,42.617],[164.89,32.1667],[164.9,19.419],[164.91,52.3767],[164.92,111.8266],[164.93,44.9481],[164.94,144.6057],[164.95,103.3837],[164.96,23.9388],[164.97,23.5212],[164.98,107.1642],[164.99,167.0657]]},"raw":{}}
{"exchange":"bybit","instance_id":"A","symbol":"SOL-USD","event_ts":1762205086.736,"seq":47851585,"depth":{"last_seq":47851585,"bids":[[164.79,97.0135],[164.78,70.6745],[164.77,56.754],[164.76,44.2023],[164.75,33.2264],[164.74,21.5509],[164.73,50.6497],[164.72,6.131],[164.71,14.8277],[164.7,44.4765],[164.69,41.5576],[164.68,133.0859],[164.67,382.3568],[164.66,132.5921],[164.65,18.5958],[164.64,184.6708],[164.63,13.6347],[164.62,38.4842],[164.61,340.3921],[164.6,131.9623]],"asks":[[164.8,42.7231],[164.81,27.9905],[164.82,55.7117],[164.83,83.3895],[164.84,43.9804],[164.85,62.5867],[164.86,76.61],[164.87,152.9744],[164.88,42.617],[164.89,32.1667],[164.9,19.419],[164.91,52.3767],[164.92,111.8266],[164.93,44.9481],[164.94,144.6057],[164.95,103.3837],[164.96,23.9388],[164.97,23.5212],[164.98,107.1642],[164.99,167.0657]]},"raw":{}}
{"exchange":"bybit","instance_id":"A","symbol":"SOL-USD","event_ts":1762205086.797,"seq":47851586,"depth":{"last_seq":47851586,"bids":[[164.79,97.0135],[164.78,70.6745],[164.77,56.754],[164.76,44.2023],[164.75,33.2264],[164.74,21.5509],[164.73,50.6497],[164.72,6.131],[164.71,14.8277],[164.7,44.4765],[164.69,41.5576],[164.68,133.0859],[164.67,382.3568],[164.66,132.5921],[164.65,18.5958],[164.64,184.6708],[164.63,13.6347],[164.62,38.4842],[164.61,340.3921],[164.6,131.9623]],"asks":[[164.8,42.8461],[164.81,27.9905],[164.82,55.7117],[164.83,83.3895],[164.84,43.9804],[164.85,62.5867],[164.86,76.61],[164.87,152.9744],[164.88,42.617],[164.89,32.1667],[164.9,19.419],[164.91,52.3767],[164.92,111.8266],[164.93,44.9481],[164.94,144.6057],[164.95,103.3837],[164.96,23.9388],[164.97,23.5212],[164.98,107.1642],[164.99,167.0657]]},"raw":{}}
{"exchange":"bybit","instance_id":"A","symbol":"SOL-USD","event_ts":1762205086.816,"seq":47851587,"depth":{"last_seq":47851587,"bids":[[164.79,109.1516],[164.78,64.4454],[164.77,44.6154],[164.76,49.1934],[164.75,33.2264],[164.74,21.5509],[164.73,50.6497],[164.72,6.131],[164.71,14.8277],[164.7,44.4765],[164.69,41.5576],[164.68,133.0859],[164.67,382.3568],[164.66,132.5921],[164.65,18.5958],[164.64,184.6708],[164.63,13.6347],[164.62,38.4842],[164.61,340.3921],[164.6,131.9623]],"asks":[[164.8,42.8461],[164.81,27.9905],[164.82,55.7117],[164.83,83.3895],[164.84,43.9804],[164.85,62.5867],[164.86,76.61],[164.87,152.9744],[164.88,42.617],[164.89,32.1667],[164.9,19.419],[164.91,52.3767],[164.92,111.8266],[164.93,44.9481],[164.94,144.6057],[164.95,103.3837],[164.96,23.9388],[164.97,23.5212],[164.98,107.1642],[164.99,167.0657]]},"raw":{}}
{"exchange":"bybit","instance_id":"A","symbol":"SOL-USD","event_ts":1762205086.837,"seq":47851588,"depth":{"last_seq":47851588,"bids":[[164.79,109.1516],[164.78,64.4454],[164.77,44.6154],[164.76,49.1934],[164.75,33.2264],[164.74,21.5509],[164.73,50.6497],[164.72,6.131],[164.71,14.8277],[164.7,44.4765],[164.69,41.5576],[164.68,133.0859],[164.67,382.3568],[164.66,132.5921],[164.65,18.5958],[164.64,184.6708],[164.63,13.6347],[164.62,38.4842],[164.61,340.3921],[164.6,131.9623]],"asks":[[164.8,42.2868],[164.81,27.9905],[164.82,55.7117],[164.83,83.3895],[164.84,43.9804],[164.85,64.642],[164.86,76.61],[164.87,152.9744],[164.88,42.617],[164.89,32.1667],[164.9,19.419],[164.91,52.3767],[164.92,111.8266],[164.93,44.9481],[164.94,144.6057],[164.95,103.3837],[164.96,23.9388],[164.97,23.5212],[164.98,107.1642],[164.99,167.0657]]},"raw":{}}
{"exchange":"bybit","instance_id":"A","symbol":"SOL-USD","event_ts":1762205086.897,"seq":47851589,"depth":{"last_seq":47851589,"bids":[[164.79,109.1516],[164.78,64.4454],[164.77,44.6154],[164.76,49.1934],[164.75,33.2264],[164.74,21.5509],[164.73,50.6497],[164.72,6.131],[164.71,14.8277],[164.7,44.4765],[164.69,41.5576],[164.68,133.0859],[164.67,382.3568],[164.66,132.5921],[164.65,18.5958],[164.64,184.6708],[164.63,13.6347],[164.62,38.4842],[164.61,340.3921],[164.6,131.9623]],"asks":[[164.8,42.2868],[164.81,27.9905],[164.82,55.7117],[164.83,83.3895],[164.84,43.9804],[164.85,64.642],[164.86,76.61],[164.87,153.3607],[164.88,42.617],[164.89,31.7804],[164.9,19.419],[164.91,52.3767],[164.92,111.8266],[164.93,44.9481],[164.94,144.6057],[164.95,103.3837],[164.96,23.9388],[164.97,23.5212],[164.98,107.1642],[164.99,167.0657]]},"raw":{}}
{"exchange":"bybit","instance_id":"A","symbol":"SOL-USD","event_ts":1762205087.016,"seq":47851590,"depth":{"last_seq":47851590,"bids":[[164.79,109.1516],[164.78,64.4454],[164.77,44.6154],[164.76,49.1934],[164.75,34.0152],[164.74,21.5509],[164.73,50.6497],[164.72,6.131],[164.71,14.8277],[164.7,44.4765],[164.69,41.5576],[164.68,133.0859],[164.67,382.3568],[164.66,132.5921],[164.65,18.5958],[164.64,184.6708],[164.63,13.6347],[164.62,38.4842],[164.61,340.3921],[164.6,131.9623]],"asks":[[164.8,42.2868],[164.81,27.9905],[164.82,55.7117],[164.83,83.3895],[164.84,44.1381],[164.85,64.642],[164.86,76.4523],[164.87,153.3607],[164.88,42.617],[164.89,31.7804],[164.9,19.419],[164.91,52.3767],[164.92,111.8266],[164.93,44.9481],[164.94,144.6057],[164.95,103.3837],[164.96,23.9388],[164.97,23.5212],[164.98,107.1642],[164.99,167.0657]]},"raw":{}}
{"exchange":"bybit","instance_id":"A","symbol":"SOL-USD","event_ts":1762205087.037,"seq":47851591,"depth":{"last_seq":47851591,"bids":[[164.79,109.1516],[164.78,69.2868],[164.77,44.6154],[164.76,49.1934],[164.75,34.0152],[164.74,21.5509],[164.73,50.6497],[164.72,6.131],[164.71,14.8277],[164.7,44.4765],[164.69,41.5576],[164.68,133.0859],[164.67,382.3568],[164.66,132.5921],[164.65,18.5958],[164.64,184.6708],[164.63,13.6347],[164.62,38.4842],[164.61,340.3921],[164.6,131.9623]],"asks":[[164.8,42.2868],[164.81,27.9905],[164.82,55.7117],[164.83,83.3895],[164.84,44.1381],[164.85,64.642],[164.86,76.4523],[164.87,153.3607],[164.88,42.617],[164.89,31.7804],[164.9,19.419],[164.91,52.3767],[164.92,111.8266],[164.93,44.9481],[164.94,144.6057],[164.95,103.3837],[164.96,23.9388],[164.97,23.5212],[164.98,107.1642],[164.99,167.0657]]},"raw":{}}
{"exchange":"bybit","instance_id":"A","symbol":"SOL-USD","event_ts":1762205087.076,"seq":47851592,"depth":{"last_seq":47851592,"bids":[[164.79,109.1516],[164.78,69.2868],[164.77,44.6154],[164.76,49.1934],[164.75,34.0152],[164.74,21.5509],[164.73,50.6497],[164.72,6.131],[164.71,14.8277],[164.7,44.4765],[164.69,41.5576],[164.68,133.0859],[164.67,382.3568],[164.66,132.5921],[164.65,18.5958],[164.64,184.6708],[164.63,13.6347],[164.62,38.4842],[164.61,340.3921],[164.6,131.9623]],"asks":[[164.8,42.2868],[164.81,27.9905],[164.82,55.7117],[164.83,83.3895],[164.84,44.1381],[164.85,64.642],[164.86,76.4523],[164.87,153.3607],[164.88,42.617],[164.89,31.7804],[164.9,19.419],[164.91,52.3767],[164.92,111.8266],[164.93,44.9481],[164.94,144.6057],[164.95,103.3837],[164.96,23.9388],[164.97,23.5212],[164.98,107.1642],[164.99,167.0657]]},"raw":{}}
{"exchange":"bybit","instance_id":"A","symbol":"SOL-USD","event_ts":1762205087.097,"seq":47851593,"depth":{"last_seq":47851593,"bids":[[164.79,109.1516],[164.78,69.2868],[164.77,44.6154],[164.76,49.1934],[164.75,34.0152],[164.74,21.5509],[164.73,50.6497],[164.72,6.131],[164.71,21.8729],[164.7,44.4765],[164.69,41.5576],[164.68,103.8035],[164.67,382.3568],[164.66,132.5921],[164.65,18.5958],[164.64,184.6708],[164.63,13.6347],[164.62,38.4842],[164.61,340.3921],[164.6,131.9623]],"asks":[[164.8,42.2868],[164.81,27.9905],[164.82,55.7117],[164.83,83.3895],[164.84,44.1381],[164.85,64.642],[164.86,76.4523],[164.87,153.3607],[164.88,42.617],[164.89,31.7804],[164.9,19.419],[164.91,52.3767],[164.92,111.8266],[164.93,44.9481],[164.94,144.6057],[164.95,103.3837],[164.96,23.9388],[164.97,23.5212],[164.98,107.1642],[164.99,167.0657]]},"raw":{}}
{"exchange":"bybit","instance_id":"A","symbol":"SOL-USD","event_ts":1762205087.137,"seq":47851594,"depth":{"last_seq":47851594,"bids":[[164.79,109.1516],[164.78,69.2868],[164.77,44.6154],[164.76,49.1934],[164.75,34.0152],[164.74,21.5509],[164.73,50.6497],[164.72,6.131],[164.71,21.8729],[164.7,44.4765],[164.69,41.5576],[164.68,103.8035],[164.67,382.3568],[164.66,132.5921],[164.65,18.5958],[164.64,184.6708],[164.63,13.6347],[164.62,38.4842],[164.61,340.3921],[164.6,131.9623]],"asks":[[164.8,28.3668],[164.81,27.9905],[164.82,55.7117],[164.83,83.3895],[164.84,44.1381],[164.85,64.642],[164.86,76.4523],[164.87,153.3607],[164.88,42.617],[164.89,31.7804],[164.9,19.419],[164.91,52.3767],[164.92,111.8266],[164.93,44.9481],[164.94,144.6057],[164.95,103.3837],[164.96,23.9388],[164.97,23.5212],[164.98,107.1642],[164.99,167.0657]]},"raw":{}}
{"exchange":"bybit","instance_id":"A","symbol":"SOL-USD","event_ts":1762205087.156,"seq":47851595,"depth":{"last_seq":47851595,"bids":[[164.79,109.1516],[164.78,69.2868],[164.77,44.6154],[164.76,52.0299],[164.75,34.0152],[164.74,21.5509],[164.73,50.6497],[164.72,6.131],[164.71,21.8729],[164.7,44.4765],[164.69,41.861],[164.68,103.5001],[164.67,382.3568],[164.66,132.5921],[164.65,18.5958],[164.64,184.6708],[164.63,13.6347],[164.62,38.4842],[164.61,340.3921],[164.6,131.9623]],"asks":[[164.8,28.3668],[164.81,27.9905],[164.82,55.7117],[164.83,83.3895],[164.84,44.1381],[164.85,62.2833],[164.86,76.7557],[164.87,153.3607],[164.88,42.617],[164.89,31.7804],[164.9,19.419],[164.91,52.3767],[164.92,111.8266],[164.93,44.9481],[164.94,144.6057],[164.95,103.3837],[164.96,23.9388],[164.97,23.5212],[164.98,107.1642],[164.99,167.0657]]},"raw":{}}
{"exchange":"bybit","instance_id":"A","symbol":"SOL-USD","event_ts":1762205087.196,"seq":47851596,"depth":{"last_seq":47851596,"bids":[[164.79,109.1516],[164.78,69.2868],[164.77,44.6154],[164.76,52.0299],[164.75,34.0152],[164.74,21.5509],[164.73,50.6497],[164.72,6.131],[164.71,21.8729],[164.7,44.4765],[164.69,41.861],[164.68,103.5001],[164.67,382.3568],[164.66,132.5921],[164.65,18.5958],[164.64,184.6708],[164.63,13.6347],[164.62,38.4842],[164.61,340.3921],[164.6,131.9623]],"asks":[[164.8,18.9668],[164.81,27.9905],[164.82,55.7117],[164.83,83.3895],[164.84,44.1381],[164.85,62.2833],[164.86,76.7557],[164.87,153.3607],[164.88,42.617],[164.89,31.7804],[164.9,19.419],[164.91,52.3767],[164.92,111.8266],[164.93,44.9481],[164.94,144.6057],[164.95,103.3837],[164.96,23.9388],[164.97,23.5212],[164.98,107.1642],[164.99,167.0657]]},"raw":{}}
{"exchange":"bybit","instance_id":"A","symbol":"SOL-USD","event_ts":1762205087.217,"seq":47851597,"depth":{"last_seq":47851597,"bids":[[164.79,109.1516],[164.78,69.2868],[164.77,44.6154],[164.76,52.0299],[164.75,34.0152],[164.74,21.5509],[164.73,32.474],[164.72,6.131],[164.71,21.8729],[164.7,41.4415],[164.69,41.861],[164.68,103.5001],[164.67,382.3568],[164.66,132.5921],[164.65,18.5958],[164.64,184.6708],[164.63,13.6347],[164.62,38.4842],[164.61,340.3921],[164.6,131.9623]],"asks":[[164.8,3.1612],[164.81,27.9905],[164.82,55.7117],[164.83,83.3895],[164.84,44.1381],[164.85,62.2833],[164.86,76.7557],[164.87,153.3607],[164.88,42.617],[164.89,31.7804],[164.9,19.419],[164.91,52.3767],[164.92,111.8266],[164.93,44.9481],[164.94,144.6057],[164.95,103.3837],[164.96,23.9388],[164.97,23.5212],[164.98,107.1642],[164.99,167.0657]]},"raw":{}}
{"exchange":"bybit","instance_id":"A","symbol":"SOL-USD","event_ts":1762205087.237,"seq":47851598,"depth":{"last_seq":47851598,"bids":[[164.79,109.1516],[164.78,69.2868],[164.77,44.6154],[164.76,52.0299],[164.75,34.0152],[164.74,16.7349],[164.73,32.474],[164.72,6.131],[164.71,21.8729],[164.7,41.4415],[164.69,41.861],[164.68,103.5001],[164.67,382.3568],[164.66,132.5921],[164.65,18.5958],[164.64,184.6708],[164.63,13.6347],[164.62,38.4842],[164.61,340.3921],[164.6,131.9623]],"asks":[[164.8,3.1612],[164.81,27.9905],[164.82,55.7117],[164.83,83.3895],[164.84,44.1381],[164.85,62.2833],[164.86,76.7557],[164.87,153.3607],[164.88,42.617],[164.89,31.7804],[164.9,19.419],[164.91,52.3767],[164.92,111.8266],[164.93,44.9481],[164.94,144.6057],[164.95,103.3837],[164.96,23.9388],[164.97,23.5212],[164.98,107.1642],[164.99,167.0657]]},"raw":{}}
{"exchange":"bybit","instance_id":"A","symbol":"SOL-USD","event_ts":1762205087.256,"seq":47851599,"depth":{"last_seq":47851599,"bids":[[164.79,109.1516],[164.78,69.2868],[164.77,44.6154],[164.76,52.0299],[164.75,34.0152],[164.74,34.9106],[164.73,32.474],[164.72,6.131],[164.71,21.8729],[164.7,41.4415],[164.69,41.861],[164.68,103.5001],[164.67,382.3568],[164.66,132.5921],[164.65,18.5958],[164.64,184.6708],[164.63,13.6347],[164.62,38.4842],[164.61,340.3921],[164.6,131.9623]],"asks":[[164.8,3.1612],[164.81,13.5026],[164.82,55.7117],[164.83,83.3895],[164.84,44.1381],[164.85,62.2833],[164.86,76.7557],[164.87,153.3607],[164.88,42.617],[164.89,31.7804],[164.9,19.419],[164.91,52.3767],[164.92,111.8266],[164.93,44.9481],[164.94,144.6057],[164.95,103.3837],[164.96,23.9388],[164.97,23.5212],[164.98,107.1642],[164.99,167.0657]]},"raw":{}}
{"exchange":"bybit","instance_id":"A","symbol":"SOL-USD","event_ts":1762205087.276,"seq":47851600,"depth":{"last_seq":47851600,"bids":[[164.79,109.1516],[164.78,69.2868],[164.77,44.6154],[164.76,52.0299],[164.75,34.0152],[164.74,34.9106],[164.73,32.474],[164.72,6.131],[164.71,21.8729],[164.7,41.4415],[164.69,41.861],[164.68,103.5001],[164.67,382.3568],[164.66,132.5921],[164.65,18.5958],[164.64,184.6708],[164.63,13.6347],[164.62,38.4842],[164.61,340.3921],[164.6,131.9623]],"asks":[[164.8,3.1612],[164.81,3.0337],[164.82,55.7117],[164.83,62.1458],[164.84,56.2749],[164.85,62.2833],[164.86,76.7557],[164.87,153.3607],[164.88,42.617],[164.89,31.7804],[164.9,19.419],[164.91,52.3767],[164.92,111.8266],[164.93,44.9481],[164.94,144.6057],[164.95,103.3837],[164.96,23.9388],[164.97,23.5212],[164.98,107.1642],[164.99,167.0657]]},"raw":{}}
{"exchange":"bybit","instance_id":"A","symbol":"SOL-USD","event_ts":1762205087.296,"seq":47851601,"depth":{"last_seq":47851601,"bids":[[164.81,81.9266],[164.8,181.8865],[164.79,127.0846],[164.78,69.2868],[164.77,44.6154],[164.76,52.0299],[164.75,38.8016],[164.74,34.9106],[164.73,32.474],[164.72,0.0986],[164.71,21.8729],[164.7,41.7449],[164.69,59.0576],[164.68,103.5001],[164.67,365.0055],[164.66,132.5921],[164.65,95.0544],[164.64,108.2169],[164.63,13.6347],[164.62,38.4842]],"asks":[[164.82,11.706],[164.83,62.1458],[164.84,53.3508],[164.85,56.5129],[164.86,76.4523],[164.87,37.9974],[164.88,42.617],[164.89,156.0956],[164.9,19.419],[164.91,52.3767],[164.92,111.8266],[164.93,44.9481],[164.94,144.6057],[164.95,26.9298],[164.96,100.3974],[164.97,23.5212],[164.98,107.1642],[164.99,167.0657],[165.0,27.1097],[165.01,29.0459]]},"raw":{}}
{"exchange":"bybit","instance_id":"A","symbol":"SOL-USD","event_ts":1762205087.316,"seq":47851602,"depth":{"last_seq":47851602,"bids":[[164.81,175.3604],[164.8,87.1023],[164.79,73.4111],[164.78,69.2868],[164.77,44.6154],[164.76,52.0299],[164.75,46.3493],[164.74,30.1441],[164.73,32.474],[164.72,0.0986],[164.71,10.4592],[164.7,37.3764],[164.69,40.7616],[164.68,99.1316],[164.67,365.0055],[164.66,209.0414],[164.65,18.5958],[164.64,108.2169],[164.63,13.6347],[164.62,38.4842]],"asks":[[164.82,38.0596],[164.83,62.1458],[164.84,53.3508],[164.85,56.5129],[164.86,38.8191],[164.87,37.9974],[164.88,78.6789],[164.89,31.7804],[164.9,144.1205],[164.91,52.3767],[164.92,111.8266],[164.93,51.5378],[164.94,119.7582],[164.95,26.9298],[164.96,100.3974],[164.97,23.5212],[164.98,107.1642],[164.99,167.0657],[165.0,27.1097],[165.01,29.0459]]},"raw":{}}
{"exchange":"bybit","instance_id":"A","symbol":"SOL-USD","event_ts":1762205087.337,"seq":47851603,"depth":{"last_seq":47851603,"bids":[[164.81,175.3604],[164.8,78.8956],[164.79,73.4111],[164.78,69.2868],[164.77,44.6154],[164.76,52.0299],[164.75,46.3493],[164.74,11.9684],[164.73,32.474],[164.72,0.0986],[164.71,10.4592],[164.7,54.573],[164.69,40.6128],[164.68,252.207],[164.67,210.7291],[164.66,209.0414],[164.65,18.5958],[164.64,108.2169],[164.63,13.6347],[164.62,38.4842]],"asks":[[164.82,53.2277],[164.83,56.6468],[164.84,53.3508],[164.85,56.5129],[164.86,38.8191],[164.87,37.694],[164.88,42.617],[164.89,31.7804],[164.9,144.1205],[164.91,52.3767],[164.92,111.8266],[164.93,51.5378],[164.94,119.7582],[164.95,52.797],[164.96,100.3974],[164.97,23.5212],[164.98,107.1642],[164.99,167.0657],[165.0,27.1097],[165.01,29.0459]]},"raw":{}}
{"exchange":"bybit","instance_id":"A","symbol":"SOL-USD","event_ts":1762205087.356,"seq":47851604,"depth":{"last_seq":47851604,"bids":[[164.81,143.3604],[164.8,78.8956],[164.79,73.4111],[164.78,88.926],[164.77,44.6154],[164.76,52.0299],[164.75,26.7101],[164.74,30.1441],[164.73,32.474],[164.72,0.0986],[164.71,10.4592],[164.7,54.573],[164.69,211.0373],[164.68,81.7825],[164.67,210.7291],[164.66,209.0414],[164.65,18.5958],[164.64,108.2169],[164.63,13.6347],[164.62,38.4842]],"asks":[[164.82,53.2277],[164.83,56.6468],[164.84,53.3508],[164.85,56.5129],[164.86,38.8191],[164.87,37.694],[164.88,22.9778],[164.89,31.7804],[164.9,144.1205],[164.91,72.0159],[164.92,111.8266],[164.93,51.5378],[164.94,119.7582],[164.95,52.797],[164.96,100.3974],[164.97,23.5212],[164.98,107.1642],[164.99,167.0657],[165.0,27.1097],[165.01,29.0459]]},"raw":{}}
{"exchange":"bybit","instance_id":"A","symbol":"SOL-USD","event_ts":1762205087.377,"seq":47851605,"depth":{"last_seq":47851605,"bids":[[164.81,143.3604],[164.8,78.8956],[164.79,73.4111],[164.78,88.926],[164.77,44.6154],[164.76,52.0299],[164.75,26.7101],[164.74,30.1441],[164.73,32.474],[164.72,0.0986],[164.71,10.4592],[164.7,54.573],[164.69,211.0373],[164.68,81.7825],[164.67,210.7291],[164.66,209.0414],[164.65,18.5958],[164.64,108.2169],[164.63,13.6347],[164.62,38.4842]],"asks":[[164.82,53.9414],[164.83,56.6468],[164.84,41.214],[164.85,56.5129],[164.86,50.9548],[164.87,31.6685],[164.88,22.9778],[164.89,31.7804],[164.9,144.1205],[164.91,72.0159],[164.92,111.8266],[164.93,51.5378],[164.94,119.7582],[164.95,52.797],[164.96,100.3974],[164.97,23.5212],[164.98,107.1642],[164.99,167.0657],[165.0,27.1097],[165.01,29.0459]]},"raw":{}}
{"exchange":"bybit","instance_id":"A","symbol":"SOL-USD","event_ts":1762205087.396,"seq":47851606,"depth":{"last_seq":47851606,"bids":[[164.81,143.3604],[164.8,91.0312],[164.79,61.273],[164.78,88.926],[164.77,44.6154],[164.76,52.0299],[164.75,26.7101],[164.74,30.1441],[164.73,32.474],[164.72,0.0986],[164.71,10.4592],[164.7,54.573],[164.69,211.0373],[164.68,81.7825],[164.67,210.7291],[164.66,209.0414],[164.65,18.5958],[164.64,108.2169],[164.63,13.6347],[164.62,38.4842]],"asks":[[164.82,53.9414],[164.83,56.6468],[164.84,41.214],[164.85,56.5129],[164.86,50.9548],[164.87,31.6685],[164.88,22.9778],[164.89,32.0837],[164.9,144.1205],[164.91,72.0159],[164.92,111.8266],[164.93,51.5378],[164.94,119.7582],[164.95,52.797],[164.96,100.3974],[164.97,23.5212],[164.98,107.1642],[164.99,167.0657],[165.0,27.1097],[165.01,29.0459]]},"raw":{}}
{"exchange":"bybit","instance_id":"A","symbol":"SOL-USD","event_ts":1762205087.417,"seq":47851607,"depth":{"last_seq":47851607,"bids":[[164.81,143.3604],[164.8,91.0312],[164.79,61.273],[164.78,88.926],[164.77,44.6154],[164.76,52.0299],[164.75,26.7101],[164.74,30.1441],[164.73,32.474],[164.72,0.4019],[164.71,10.4592],[164.7,54.573],[164.69,211.0373],[164.68,81.7825],[164.67,210.7291],[164.66,209.0414],[164.65,18.5958],[164.64,108.2169],[164.63,13.6347],[164.62,38.4842]],"asks":[[164.82,53.9414],[164.83,56.6468],[164.84,41.214],[164.85,68.6485],[164.86,38.8191],[164.87,31.6685],[164.88,22.9778],[164.89,157.6615],[164.9,19.8053],[164.91,72.0159],[164.92,111.8266],[164.93,51.5378],[164.94,119.7582],[164.95,52.797],[164.96,100.3974],[164.97,23.5212],[164.98,107.1642],[164.99,167.0657],[165.0,27.1097],[165.01,29.0459]]},"raw":{}}
{"exchange":"bybit","instance_id":"A","symbol":"SOL-USD","event_ts":1762205087.436,"seq":47851608,"depth":{"last_seq":47851608,"bids":[[164.81,142.488],[164.8,91.0312],[164.79,61.273],[164.78,88.926],[164.77,44.6154],[164.76,52.0299],[164.75,26.7101],[164.74,30.1441],[164.73,32.474],[164.72,0.4019],[164.71,10.4592],[164.7,54.573],[164.69,211.0373],[164.68,81.7825],[164.67,210.7291],[164.66,209.0414],[164.65,18.5958],[164.64,108.2169],[164.63,13.6347],[164.62,38.4842]],"asks":[[164.82,53.9414],[164.83,56.6468],[164.84,41.214],[164.85,68.6485],[164.86,38.8191],[164.87,31.6685],[164.88,22.9778],[164.89,157.6615],[164.9,19.8053],[164.91,72.0159],[164.92,111.8266],[164.93,51.5378],[164.94,119.7582],[164.95,52.797],[164.96,100.3974],[164.97,23.5212],[164.98,107.1642],[164.99,167.0657],[165.0,27.1097],[165.01,29.0459]]},"raw":{}}
{"exchange":"bybit","instance_id":"A","symbol":"SOL-USD","event_ts":1762205087.496,"seq":47851609,"depth":{"last_seq":47851609,"bids":[[164.81,139.0151],[164.8,91.0312],[164.79,61.273],[164.78,88.926],[164.77,44.6154],[164.76,52.0299],[164.75,26.7101],[164.74,30.1441],[164.73,32.474],[164.72,0.4019],[164.71,10.4592],[164.7,54.573],[164.69,211.0373],[164.68,81.7825],[164.67,210.7291],[164.66,209.0414],[164.65,18.5958],[164.64,108.2169],[164.63,13.6347],[164.62,38.4842]],"asks":[[164.82,53.9414],[164.83,56.6468],[164.84,41.214],[164.85,68.6485],[164.86,38.8191],[164.87,33.7238],[164.88,22.9778],[164.89,157.6615],[164.9,19.8053],[164.91,72.0159],[164.92,111.8266],[164.93,51.5378],[164.94,119.7582],[164.95,52.797],[164.96,100.3974],[164.97,23.5212],[164.98,107.1642],[164.99,167.0657],[165.0,27.1097],[165.01,29.0459]]},"raw":{}}
{"exchange":"bybit","instance_id":"A","symbol":"SOL-USD","event_ts":1762205087.517,"seq":47851610,"depth":{"last_seq":47851610,"bids":[[164.81,139.0151],[164.8,91.0312],[164.79,61.273],[164.78,88.926],[164.77,44.6154],[164.76,52.0299],[164.75,26.7101],[164.74,30.1441],[164.73,32.474],[164.72,0.4019],[164.71,10.4592],[164.7,54.573],[164.69,211.0373],[164.68,81.7825],[164.67,210.7291],[164.66,209.0414],[164.65,18.5958],[164.64,108.2169],[164.63,13.6347],[164.62,38.4842]],"asks":[[164.82,54.2448],[164.83,56.6468],[164.84,41.214],[164.85,68.6485],[164.86,38.8191],[164.87,33.7238],[164.88,22.9778],[164.89,157.6615],[164.9,19.8053],[164.91,72.0159],[164.92,111.8266],[164.93,51.5378],[164.94,119.7582],[164.95,52.797],[164.96,100.3974],[164.97,23.5212],[164.98,107.1642],[164.99,167.0657],[165.0,27.1097],[165.01,29.0459]]},"raw":{}}
{"exchange":"bybit","instance_id":"A","symbol":"SOL-USD","event_ts":1762205087.536,"seq":47851611,"depth":{"last_seq":47851611,"bids":[[164.81,134.4887],[164.8,91.0312],[164.79,61.273],[164.78,88.926],[164.77,44.6154],[164.76,52.0299],[164.75,26.7101],[164.74,30.1441],[164.73,32.474],[164.72,0.0986],[164.71,10.7625],[164.7,54.573],[164.69,211.0373],[164.68,81.7825],[164.67,210.7291],[164.66,209.0414],[164.65,18.5958],[164.64,108.2169],[164.63,13.6347],[164.62,38.4842]],"asks":[[164.82,54.2448],[164.83,56.6468],[164.84,41.214],[164.85,68.6485],[164.86,38.8191],[164.87,33.7238],[164.88,23.2811],[164.89,157.3582],[164.9,19.8053],[164.91,72.0159],[164.92,111.8266],[164.93,51.5378],[164.94,119.7582],[164.95,52.797],[164.96,100.3974],[164.97,23.5212],[164.98,107.1642],[164.99,167.0657],[165.0,27.1097],[165.01,29.0459]]},"raw":{}}
{"exchange":"bybit","instance_id":"A","symbol":"SOL-USD","event_ts":1762205087.576,"seq":47851612,"depth":{"last_seq":47851612,"bids":[[164.81,134.4887],[164.8,91.0312],[164.79,61.273],[164.78,88.926],[164.77,44.6154],[164.76,52.0299],[164.75,26.7101],[164.74,30.1441],[164.73,32.474],[164.72,0.0986],[164.71,10.7625],[164.7,54.573],[164.69,211.0373],[164.68,81.7825],[164.67,210.7291],[164.66,209.0414],[164.65,18.5958],[164.64,108.2169],[164.63,13.6347],[164.62,38.4842]],"asks":[[164.82,54.2448],[164.83,56.6468],[164.84,41.214],[164.85,68.6485],[164.86,41.5569],[164.87,33.7238],[164.88,23.2811],[164.89,157.3582],[164.9,19.8053],[164.91,72.0159],[164.92,111.8266],[164.93,51.5378],[164.94,119.7582],[164.95,52.797],[164.96,100.3974],[164.97,23.5212],[164.98,107.1642],[164.99,167.0657],[165.0,27.1097],[165.01,29.0459]]},"raw":{}}
{"exchange":"bybit","instance_id":"A","symbol":"SOL-USD","event_ts":1762205087.616,"seq":47851613,"depth":{"last_seq":47851613,"bids":[[164.81,134.4887],[164.8,91.0312],[164.79,61.273],[164.78,100.631],[164.77,44.6154],[164.76,40.3229],[164.75,26.7101],[164.74,30.1441],[164.73,32.474],[164.72,0.0986],[164.71,10.7625],[164.7,54.573],[164.69,211.0373],[164.68,81.7825],[164.67,210.7291],[164.66,209.0414],[164.65,18.5958],[164.64,108.2169],[164.63,13.6347],[164.62,38.4842]],"asks":[[164.82,54.2448],[164.83,56.6468],[164.84,41.214],[164.85,68.6485],[164.86,41.5569],[164.87,33.7238],[164.88,23.2811],[164.89,157.3582],[164.9,19.8053],[164.91,72.0159],[164.92,111.8266],[164.93,51.5378],[164.94,119.7582],[164.95,52.797],[164.96,100.3974],[164.97,23.5212],[164.98,107.1642],[164.99,167.0657],[165.0,27.1097],[165.01,29.0459]]},"raw":{}}
{"exchange":"bybit","instance_id":"A","symbol":"SOL-USD","event_ts":1762205087.636,"seq":47851614,"depth":{"last_seq":47851614,"bids":[[164.81,134.4887],[164.8,81.7977],[164.79,68.3365],[164.78,100.631],[164.77,44.6154],[164.76,40.3229],[164.75,26.7101],[164.74,30.1441],[164.73,32.474],[164.72,0.0986],[164.71,10.7625],[164.7,54.573],[164.69,211.0373],[164.68,81.7825],[164.67,210.7291],[164.66,209.0414],[164.65,18.5958],[164.64,108.2169],[164.63,13.6347],[164.62,38.4842]],"asks":[[164.82,54.2448],[164.83,56.6468],[164.84,41.214],[164.85,68.6485],[164.86,41.5569],[164.87,33.7238],[164.88,23.2811],[164.89,157.3582],[164.9,19.8053],[164.91,72.0159],[164.92,111.8266],[164.93,51.5378],[164.94,119.7582],[164.95,52.797],[164.96,100.3974],[164.97,23.5212],[164.98,107.1642],[164.99,167.0657],[165.0,27.1097],[165.01,29.0459]]},"raw":{}}
{"exchange":"bybit","instance_id":"A","symbol":"SOL-USD","event_ts":1762205087.657,"seq":47851615,"depth":{"last_seq":47851615,"bids":[[164.81,134.4887],[164.8,81.7977],[164.79,68.3365],[164.78,100.631],[164.77,44.6154],[164.76,40.3229],[164.75,26.7101],[164.74,30.1441],[164.73,32.474],[164.72,0.0986],[164.71,10.7625],[164.7,54.573],[164.69,211.0373],[164.68,81.7825],[164.67,210.7291],[164.66,209.0414],[164.65,18.5958],[164.64,108.2169],[164.63,13.6347],[164.62,38.4842]],"asks":[[164.82,42.5388],[164.83,56.6468],[164.84,41.214],[164.85,68.6485],[164.86,41.5569],[164.87,33.7238],[164.88,23.2811],[164.89,157.3582],[164.9,19.8053],[164.91,72.0159],[164.92,111.8266],[164.93,51.5378],[164.94,119.7582],[164.95,52.797],[164.96,100.3974],[164.97,23.5212],[164.98,107.1642],[164.99,167.0657],[165.0,27.1097],[165.01,29.0459]]},"raw":{}}
{"exchange":"bybit","instance_id":"A","symbol":"SOL-USD","event_ts":1762205087.696,"seq":47851616,"depth":{"last_seq":47851616,"bids":[[164.81,134.4887],[164.8,81.7977],[164.79,68.3365],[164.78,100.631],[164.77,44.6154],[164.76,40.3229],[164.75,26.7101],[164.74,30.1441],[164.73,32.474],[164.72,0.0986],[164.71,10.4592],[164.7,54.8764],[164.69,211.0373],[164.68,81.7825],[164.67,210.7291],[164.66,209.0414],[164.65,18.5958],[164.64,108.2169],[164.63,13.6347],[164.62,38.4842]],"asks":[[164.82,42.5388],[164.83,56.6468],[164.84,41.214],[164.85,68.6485],[164.86,41.5569],[164.87,34.0272],[164.88,22.9778],[164.89,157.3582],[164.9,19.8053],[164.91,72.0159],[164.92,111.8266],[164.93,51.5378],[164.94,119.7582],[164.95,52.797],[164.96,100.3974],[164.97,23.5212],[164.98,107.1642],[164.99,167.0657],[165.0,27.1097],[165.01,29.0459]]},"raw":{}}
{"exchange":"bybit","instance_id":"A","symbol":"SOL-USD","event_ts":1762205087.756,"seq":47851617,"depth":{"last_seq":47851617,"bids":[[164.81,134.4887],[164.8,81.7977],[164.79,68.3365],[164.78,100.631],[164.77,44.6154],[164.76,40.3229],[164.75,26.7101],[164.74,30.1441],[164.73,32.474],[164.72,0.0986],[164.71,10.4592],[164.7,54.573],[164.69,211.0373],[164.68,81.7825],[164.67,210.7291],[164.66,209.0414],[164.65,18.5958],[164.64,108.2169],[164.63,13.6347],[164.62,38.4842]],"asks":[[164.82,43.2686],[164.83,68.3518],[164.84,41.214],[164.85,68.6485],[164.86,41.5569],[164.87,33.7238],[164.88,22.9778],[164.89,157.3582],[164.9,19.8053],[164.91,72.0159],[164.92,111.8266],[164.93,51.5378],[164.94,119.7582],[164.95,52.797],[164.96,100.3974],[164.97,23.5212],[164.98,107.1642],[164.99,167.0657],[165.0,27.1097],[165.01,29.0459]]},"raw":{}}
{"exchange":"bybit","instance_id":"A","symbol":"SOL-USD","event_ts":1762205087.777,"seq":47851618,"depth":{"last_seq":47851618,"bids":[[164.81,134.4887],[164.8,81.7977],[164.79,68.3365],[164.78,100.631],[164.77,44.6154],[164.76,40.3229],[164.75,26.7101],[164.74,30.1441],[164.73,32.474],[164.72,0.0986],[164.71,10.4592],[164.7,54.573],[164.69,211.0373],[164.68,81.7825],[164.67,210.7291],[164.66,209.0414],[164.65,18.5958],[164.64,108.2169],[164.63,13.6347],[164.62,38.4842]],"asks":[[164.82,43.2686],[164.83,56.6468],[164.84,41.214],[164.85,73.5485],[164.86,41.5569],[164.87,33.7238],[164.88,22.9778],[164.89,157.3582],[164.9,19.8053],[164.91,72.0159],[164.92,111.8266],[164.93,51.5378],[164.94,119.7582],[164.95,52.797],[164.96,100.3974],[164.97,23.5212],[164.98,107.1642],[164.99,167.0657],[165.0,27.1097],[165.01,29.0459]]},"raw":{}}
{"exchange":"bybit","instance_id":"A","symbol":"SOL-USD","event_ts":1762205087.836,"seq":47851619,"depth":{"last_seq":47851619,"bids":[[164.81,134.4887],[164.8,81.7977],[164.79,68.3365],[164.78,100.631],[164.77,44.6154],[164.76,40.3229],[164.75,26.7101],[164.74,30.1441],[164.73,32.474],[164.72,0.0986],[164.71,10.4592],[164.7,54.8764],[164.69,211.0373],[164.68,81.7825],[164.67,210.7291],[164.66,209.0414],[164.65,18.5958],[164.64,108.2169],[164.63,13.6347],[164.62,38.4842]],"asks":[[164.82,43.2686],[164.83,56.6468],[164.84,41.214],[164.85,73.5485],[164.86,41.5569],[164.87,34.0272],[164.88,22.9778],[164.89,157.3582],[164.9,19.8053],[164.91,72.0159],[164.92,111.8266],[164.93,51.5378],[164.94,119.7582],[164.95,52.797],[164.96,100.3974],[164.97,23.5212],[164.98,107.1642],[164.99,167.0657],[165.0,27.1097],[165.01,29.0459]]},"raw":{}}
{"exchange":"bybit","instance_id":"A","symbol":"SOL-USD","event_ts":1762205087.856,"seq":47851620,"depth":{"last_seq":47851620,"bids":[[164.81,134.4887],[164.8,81.7977],[164.79,68.3365],[164.78,100.631],[164.77,44.6154],[164.76,40.3229],[164.75,26.7101],[164.74,30.1441],[164.73,32.474],[164.72,0.0986],[164.71,10.4592],[164.7,54.573],[164.69,211.0373],[164.68,81.7825],[164.67,210.7291],[164.66,209.0414],[164.65,18.5958],[164.64,108.2169],[164.63,13.6347],[164.62,38.4842]],"asks":[[164.82,29.3486],[164.83,31.3468],[164.84,41.214],[164.85,73.5485],[164.86,41.5569],[164.87,33.7238],[164.88,22.9778],[164.89,157.3582],[164.9,19.8053],[164.91,72.0159],[164.92,111.8266],[164.93,51.5378],[164.94,119.7582],[164.95,52.797],[164.96,100.3974],[164.97,23.5212],[164.98,107.1642],[164.99,167.0657],[165.0,27.1097],[165.01,29.0459]]},"raw":{}}
{"exchange":"bybit","instance_id":"A","symbol":"SOL-USD","event_ts":1762205087.876,"seq":47851621,"depth":{"last_seq":47851621,"bids":[[164.82,77.8814],[164.81,134.4887],[164.8,81.7977],[164.79,68.3365],[164.78,100.631],[164.77,44.6154],[164.76,40.3229],[164.75,26.7101],[164.74,11.9684],[164.73,32.474],[164.72,0.0986],[164.71,13.4941],[164.7,54.573],[164.69,211.0373],[164.68,81.7825],[164.67,210.7291],[164.66,209.0414],[164.65,18.5958],[164.64,108.2169],[164.63,13.6347]],"asks":[[164.84,15.914],[164.85,66.5485],[164.86,42.6547],[164.87,31.6685],[164.88,22.9778],[164.89,31.7804],[164.9,145.3831],[164.91,72.0159],[164.92,111.8266],[164.93,51.5378],[164.94,119.7582],[164.95,52.797],[164.96,100.3974],[164.97,23.5212],[164.98,107.1642],[164.99,167.0657],[165.0,27.1097],[165.01,29.0459],[165.02,106.615],[165.03,46.2329]]},"raw":{}}
{"exchange":"bybit","instance_id":"A","symbol":"SOL-USD","event_ts":1762205087.896,"seq":47851622,"depth":{"last_seq":47851622,"bids":[[164.85,3.4728],[164.84,143.9697],[164.83,83.6777],[164.82,84.8994],[164.81,105.9555],[164.8,69.7077],[164.79,73.9707],[164.78,69.2868],[164.77,43.8181],[164.76,30.9633],[164.75,38.8492],[164.74,5.5446],[164.73,14.105],[164.72,14.5865],[164.71,27.9592],[164.7,54.4221],[164.69,270.1215],[164.68,81.7825],[164.67,210.7291],[164.66,93.8476]],"asks":[[164.86,37.4789],[164.87,34.5177],[164.88,8.228],[164.89,68.9463],[164.9,19.419],[164.91,52.3767],[164.92,111.8266],[164.93,51.5378],[164.94,119.7582],[164.95,52.797],[164.96,29.3397],[164.97,23.5212],[164.98,107.1642],[164.99,165.8521],[165.0,83.9059],[165.01,29.0459],[165.02,30.255],[165.03,46.2329],[165.04,126.2758],[165.05,8.6384]]},"raw":{}}
{"exchange":"bybit","instance_id":"A","symbol":"SOL-USD","event_ts":1762205087.916,"seq":47851623,"depth":{"last_seq":47851623,"bids":[[164.85,121.2501],[164.84,86.1517],[164.83,78.7874],[164.82,90.3984],[164.81,86.761],[164.8,81.4127],[164.79,68.5584],[164.78,60.0769],[164.77,42.8124],[164.76,30.9633],[164.75,28.7943],[164.74,5.5446],[164.73,14.105],[164.72,14.5865],[164.71,27.8125],[164.7,93.1614],[164.69,193.6861],[164.68,81.7825],[164.67,210.7291],[164.66,93.8476]],"asks":[[164.86,63.4433],[164.87,30.1492],[164.88,8.228],[164.89,31.7804],[164.9,15.519],[164.91,52.3767],[164.92,111.8266],[164.93,51.5378],[164.94,245.336],[164.95,31.5863],[164.96,29.3397],[164.97,23.5212],[164.98,107.1642],[164.99,181.3467],[165.0,7.4705],[165.01,9.913],[165.02,30.255],[165.03,46.2329],[165.04,126.2758],[165.05,7.425]]},"raw":{}}
{"exchange":"bybit","instance_id":"A","symbol":"SOL-USD","event_ts":1762205087.936,"seq":47851624,"depth":{"last_seq":47851624,"bids":[[164.85,121.2501],[164.84,86.1517],[164.83,78.7874],[164.82,90.3984],[164.81,86.761],[164.8,81.4127],[164.79,69.5868],[164.78,60.0769],[164.77,53.134],[164.76,32.5828],[164.75,28.7943],[164.74,5.8479],[164.73,184.5295],[164.72,32.0865],[164.71,27.8125],[164.7,150.6236],[164.69,23.2616],[164.68,81.7825],[164.67,210.7291],[164.66,93.8476]],"asks":[[164.86,21.5333],[164.87,28.1492],[164.88,8.228],[164.89,31.7804],[164.9,15.519],[164.91,52.68],[164.92,111.8266],[164.93,87.7378],[164.94,245.336],[164.95,30.2059],[164.96,29.3397],[164.97,23.5212],[164.98,107.1642],[164.99,165.8521],[165.0,7.4705],[165.01,86.3438],[165.02,30.255],[165.03,46.2329],[165.04,126.2758],[165.05,7.425]]},"raw":{}}
{"exchange":"bybit","instance_id":"A","symbol":"SOL-USD","event_ts":1762205087.956,"seq":47851625,"depth":{"last_seq":47851625,"bids":[[164.86,117.233],[164.85,134.9552],[164.84,86.1517],[164.83,90.9197],[164.82,90.3984],[164.81,74.6277],[164.8,81.4127],[164.79,71.4658],[164.78,48.8922],[164.77,53.134],[164.76,32.5828],[164.75,26.1562],[164.74,5.5446],[164.73,184.5295],[164.72,32.0865],[164.71,104.2433],[164.7,74.1928],[164.69,109.5201],[164.68,23.684],[164.67,210.7291]],"asks":[[164.87,42.0692],[164.88,20.3603],[164.89,31.7804],[164.9,15.519],[164.91,52.3767],[164.92,15.8223],[164.93,87.7378],[164.94,202.3507],[164.95,30.2059],[164.96,29.3397],[164.97,23.5212],[164.98,54.2588],[164.99,165.8521],[165.0,26.229],[165.01,9.913],[165.02,106.6858],[165.03,99.1383],[165.04,126.2758],[165.05,7.425],[165.06,11.31]]},"raw":{}}
{"exchange":"bybit","instance_id":"A","symbol":"SOL-USD","event_ts":1762205087.976,"seq":47851626,"depth":{"last_seq":47851626,"bids":[[164.86,116.6639],[164.85,74.3363],[164.84,86.1972],[164.83,90.9197],[164.82,73.8496],[164.81,74.6277],[164.8,69.0342],[164.79,72.5279],[164.78,48.8922],[164.77,53.134],[164.76,32.5828],[164.75,25.8529],[164.74,5.5446],[164.73,202.0295],[164.72,70.6765],[164.71,86.89],[164.7,35.4535],[164.69,109.5201],[164.68,23.684],[164.67,210.7291]],"asks":[[164.87,68.0792],[164.88,8.228],[164.89,43.9121],[164.9,15.519],[164.91,25.8818],[164.92,15.519],[164.93,87.7378],[164.94,202.3507],[164.95,30.2059],[164.96,29.3397],[164.97,5.499],[164.98,54.2588],[164.99,165.8521],[165.0,7.4705],[165.01,35.5277],[165.02,106.6858],[165.03,99.1383],[165.04,126.2758],[165.05,7.425],[165.06,11.31]]},"raw":{}}
{"exchange":"bybit","instance_id":"A","symbol":"SOL-USD","event_ts":1762205087.996,"seq":47851627,"depth":{"last_seq":47851627,"bids":[[164.86,116.6639],[164.85,74.3363],[164.84,86.1972],[164.83,82.9892],[164.82,73.8496],[164.81,74.6277],[164.8,69.0342],[164.79,72.5279],[164.78,48.8922],[164.77,53.134],[164.76,32.5828],[164.75,25.8529],[164.74,5.5446],[164.73,184.5295],[164.72,70.6765],[164.71,104.2455],[164.7,35.4535],[164.69,109.5201],[164.68,23.684],[164.67,210.7291]],"asks":[[164.87,68.0792],[164.88,8.228],[164.89,43.9121],[164.9,11.1505],[164.91,20.0738],[164.92,15.519],[164.93,87.7378],[164.94,202.3507],[164.95,30.2059],[164.96,29.3397],[164.97,5.499],[164.98,54.2588],[164.99,171.2521],[165.0,7.4705],[165.01,35.5277],[165.02,121.8757],[165.03,99.1383],[165.04,126.2758],[165.05,7.425],[165.06,11.31]]},"raw":{}}
{"exchange":"bybit","instance_id":"A","symbol":"SOL-USD","event_ts":1762205088.017,"seq":47851628,"depth":{"last_seq":47851628,"bids":[[164.86,116.6639],[164.85,74.3363],[164.84,98.3289],[164.83,70.8569],[164.82,73.8496],[164.81,74.6277],[164.8,69.0342],[164.79,72.5279],[164.78,48.8922],[164.77,53.134],[164.76,32.5828],[164.75,25.8529],[164.74,175.9691],[164.73,31.4562],[164.72,70.6765],[164.71,86.89],[164.7,35.4535],[164.69,109.5201],[164.68,23.684],[164.67,210.7291]],"asks":[[164.87,12.2492],[164.88,8.228],[164.89,31.7804],[164.9,23.2821],[164.91,20.0738],[164.92,15.519],[164.93,87.7378],[164.94,202.3507],[164.95,30.2059],[164.96,29.3397],[164.97,5.499],[164.98,11.7951],[164.99,19.8879],[165.0,7.4705],[165.01,36.9081],[165.02,121.8757],[165.03,99.1383],[165.04,126.2758],[165.05,7.425],[165.06,16.9885]]},"raw":{}}
{"exchange":"bybit","instance_id":"A","symbol":"SOL-USD","event_ts":1762205088.036,"seq":47851629,"depth":{"last_seq":47851629,"bids":[[164.86,116.6639],[164.85,74.3363],[164.84,88.0457],[164.83,82.5619],[164.82,73.8496],[164.81,74.6277],[164.8,57.3292],[164.79,54.3522],[164.78,48.8922],[164.77,53.134],[164.76,29.7463],[164.75,22.8188],[164.74,175.9691],[164.73,89.4541],[164.72,70.6765],[164.71,86.89],[164.7,35.4535],[164.69,109.5201],[164.68,23.684],[164.67,210.7291]],"asks":[[164.87,2.8492],[164.88,8.228],[164.89,31.7804],[164.9,23.2821],[164.91,22.8795],[164.92,15.519],[164.93,87.7378],[164.94,202.3507],[164.95,30.2059],[164.96,34.1906],[164.97,63.4125],[164.98,11.7951],[164.99,19.8879],[165.0,7.4705],[165.01,74.5421],[165.02,121.8757],[165.03,99.1383],[165.04,126.2758],[165.05,7.425],[165.06,16.9885]]},"raw":{}}
{"exchange":"bybit","instance_id":"A","symbol":"SOL-USD","event_ts":1762205088.056,"seq":47851630,"depth":{"last_seq":47851630,"bids":[[164.86,116.6639],[164.85,74.3363],[164.84,88.0457],[164.83,82.5619],[164.82,73.8496],[164.81,74.6277],[164.8,75.5049],[164.79,54.3522],[164.78,48.8922],[164.77,53.134],[164.76,30.0496],[164.75,22.8188],[164.74,175.9691],[164.73,89.4541],[164.72,70.6765],[164.71,86.89],[164.7,35.4535],[164.69,109.5201],[164.68,23.684],[164.67,210.7291]],"asks":[[164.87,2.8492],[164.88,8.228],[164.89,38.4125],[164.9,11.1505],[164.91,22.8795],[164.92,15.519],[164.93,88.0411],[164.94,202.3507],[164.95,30.2059],[164.96,47.7396],[164.97,63.4125],[164.98,11.7951],[164.99,19.8879],[165.0,7.4705],[165.01,74.5421],[165.02,121.8757],[165.03,99.1383],[165.04,126.2758],[165.05,7.425],[165.06,16.9885]]},"raw":{}}
{"exchange":"bybit","instance_id":"A","symbol":"SOL-USD","event_ts":1762205088.076,"seq":47851631,"depth":{"last_seq":47851631,"bids":[[164.88,70.2984],[164.87,118.9108],[164.86,138.4836],[164.85,86.4667],[164.84,93.897],[164.83,80.5066],[164.82,73.8496],[164.81,56.0168],[164.8,57.3292],[164.79,49.5372],[164.78,42.5258],[164.77,42.1332],[164.76,29.7463],[164.75,40.3188],[164.74,193.3203],[164.73,72.1029],[164.72,129.7493],[164.71,10.4592],[164.7,35.4535],[164.69,109.5201]],"asks":[[164.89,12.1311],[164.9,0.0455],[164.91,14.8462],[164.92,6.414],[164.93,81.1481],[164.94,77.0761],[164.95,35.1029],[164.96,28.1004],[164.97,63.4125],[164.98,11.7951],[164.99,19.8879],[165.0,16.5755],[165.01,74.5421],[165.02,54.5499],[165.03,175.5644],[165.04,126.2758],[165.05,7.425],[165.06,16.9885],[165.07,50.25],[165.08,220.4656]]},"raw":{}}
{"exchange":"bybit","instance_id":"A","symbol":"SOL-USD","event_ts":1762205088.096,"seq":47851632,"depth":{"last_seq":47851632,"bids":[[164.88,98.9217],[164.87,87.0041],[164.86,87.9851],[164.85,86.0413],[164.84,93.897],[164.83,66.7957],[164.82,59.1645],[164.81,52.3334],[164.8,63.0484],[164.79,45.4172],[164.78,39.4922],[164.77,16.8332],[164.76,4.4463],[164.75,40.17],[164.74,232.0544],[164.73,148.5197],[164.72,14.5865],[164.71,10.4592],[164.7,35.4535],[164.69,109.5201]],"asks":[[164.89,9.4],[164.9,0.0455],[164.91,22.6079],[164.92,6.414],[164.93,34.8978],[164.94,15.8222],[164.95,30.2059],[164.96,28.1004],[164.97,5.499],[164.98,137.3729],[164.99,82.1699],[165.0,16.5755],[165.01,54.3267],[165.02,54.5499],[165.03,175.5644],[165.04,126.2758],[165.05,7.425],[165.06,16.9885],[165.07,50.25],[165.08,220.4656]]},"raw":{}}
{"exchange":"bybit","instance_id":"A","symbol":"SOL-USD","event_ts":1762205088.116,"seq":47851633,"depth":{"last_seq":47851633,"bids":[[164.9,56.6435],[164.89,36.6667],[164.88,83.0678],[164.87,71.7195],[164.86,87.9851],[164.85,64.6935],[164.84,77.6732],[164.83,78.0808],[164.82,59.1645],[164.81,49.397],[164.8,63.0484],[164.79,16.6182],[164.78,11.4569],[164.77,16.8332],[164.76,204.123],[164.75,116.5776],[164.74,5.5446],[164.73,72.1029],[164.72,14.5865],[164.71,10.4592]],"asks":[[164.91,42.8752],[164.92,2.0455],[164.93,17.391],[164.94,11.4537],[164.95,30.2059],[164.96,14.5514],[164.97,45.2139],[164.98,146.4779],[164.99,82.1699],[165.0,16.5755],[165.01,54.3267],[165.02,75.4211],[165.03,99.1383],[165.04,68.6679],[165.05,7.425],[165.06,93.3961],[165.07,50.25],[165.08,220.4656],[165.09,14.839],[165.1,23.5767]]},"raw":{}}
{"exchange":"bybit","instance_id":"A","symbol":"SOL-USD","event_ts":1762205088.136,"seq":47851634,"depth":{"last_seq":47851634,"bids":[[164.9,45.8755],[164.89,35.0105],[164.88,79.6362],[164.87,71.7195],[164.86,87.9851],[164.85,64.6935],[164.84,75.36],[164.83,80.325],[164.82,59.1645],[164.81,51.0165],[164.8,63.0484],[164.79,15.4017],[164.78,11.4569],[164.77,77.7839],[164.76,299.2329],[164.75,116.5776],[164.74,5.5446],[164.73,14.105],[164.72,100.845],[164.71,10.4592]],"asks":[[164.91,99.0944],[164.92,2.0455],[164.93,21.891],[164.94,11.1505],[164.95,25.5494],[164.96,25.7001],[164.97,45.4607],[164.98,38.0224],[164.99,149.8342],[165.0,16.5755],[165.01,73.2258],[165.02,54.5499],[165.03,32.8307],[165.04,68.6679],[165.05,45.059],[165.06,93.3961],[165.07,50.25],[165.08,133.7834],[165.09,10.4705],[165.1,24.0532]]},"raw":{}}
{"exchange":"bybit","instance_id":"A","symbol":"SOL-USD","event_ts":1762205088.156,"seq":47851635,"depth":{"last_seq":47851635,"bids":[[164.9,42.3984],[164.89,35.0105],[164.88,79.6362],[164.87,106.2618],[164.86,75.8549],[164.85,64.6935],[164.84,55.7208],[164.83,80.325],[164.82,59.1645],[164.81,51.0165],[164.8,63.0484],[164.79,15.4017],[164.78,182.3452],[164.77,77.7839],[164.76,128.8084],[164.75,116.5776],[164.74,5.5446],[164.73,14.105],[164.72,100.845],[164.71,10.4592]],"asks":[[164.91,86.9642],[164.92,14.1743],[164.93,17.338],[164.94,11.1505],[164.95,25.5494],[164.96,25.7001],[164.97,10.1143],[164.98,56.0312],[164.99,149.8342],[165.0,36.2147],[165.01,73.2258],[165.02,39.36],[165.03,32.8307],[165.04,68.6679],[165.05,45.059],[165.06,93.3961],[165.07,27.4119],[165.08,129.4149],[165.09,10.4705],[165.1,24.0532]]},"raw":{}}
{"exchange":"bybit","instance_id":"A","symbol":"SOL-USD","event_ts":1762205088.176,"seq":47851636,"depth":{"last_seq":47851636,"bids":[[164.9,42.3984],[164.89,35.0105],[164.88,79.6362],[164.87,106.2618],[164.86,75.8549],[164.85,64.6935],[164.84,55.7208],[164.83,80.325],[164.82,59.1645],[164.81,51.0165],[164.8,63.0484],[164.79,15.4017],[164.78,182.3452],[164.77,77.7839],[164.76,128.8084],[164.75,116.5776],[164.74,5.5446],[164.73,14.105],[164.72,100.845],[164.71,10.4592]],"asks":[[164.91,86.9642],[164.92,2.0455],[164.93,29.4668],[164.94,11.1505],[164.95,25.5494],[164.96,17.5834],[164.97,10.1143],[164.98,56.0312],[164.99,155.7173],[165.0,36.2147],[165.01,73.2258],[165.02,39.36],[165.03,32.8307],[165.04,68.6679],[165.05,45.059],[165.06,87.7176],[165.07,27.4119],[165.08,129.4149],[165.09,10.4705],[165.1,24.0532]]},"raw":{}}
{"exchange":"bybit","instance_id":"A","symbol":"SOL-USD","event_ts":1762205088.196,"seq":47851637,"depth":{"last_seq":47851637,"bids":[[164.9,42.3984],[164.89,35.0105],[164.88,79.6362],[164.87,103.4875],[164.86,75.8549],[164.85,64.6935],[164.84,55.7208],[164.83,80.325],[164.82,59.1645],[164.81,51.0165],[164.8,63.0484],[164.79,15.4017],[164.78,182.3452],[164.77,77.7839],[164.76,128.8084],[164.75,116.5776],[164.74,5.5446],[164.73,14.105],[164.72,100.845],[164.71,10.4592]],"asks":[[164.91,86.9642],[164.92,14.1747],[164.93,17.338],[164.94,11.1505],[164.95,25.5494],[164.96,17.5834],[164.97,15.2461],[164.98,177.7981],[164.99,30.1395],[165.0,36.2147],[165.01,73.2258],[165.02,39.36],[165.03,32.8307],[165.04,68.6679],[165.05,45.059],[165.06,87.7176],[165.07,27.4119],[165.08,129.4149],[165.09,10.4705],[165.1,24.0532]]},"raw":{}}
{"exchange":"bybit","instance_id":"A","symbol":"SOL-USD","event_ts":1762205088.217,"seq":47851638,"depth":{"last_seq":47851638,"bids":[[164.9,42.3984],[164.89,27.5855],[164.88,79.6362],[164.87,103.4875],[164.86,75.8549],[164.85,64.6935],[164.84,55.7208],[164.83,80.325],[164.82,59.1645],[164.81,51.0165],[164.8,63.3516],[164.79,15.4017],[164.78,182.3452],[164.77,77.7839],[164.76,128.6638],[164.75,116.5776],[164.74,5.5446],[164.73,14.105],[164.72,100.845],[164.71,10.4592]],"asks":[[164.91,86.9642],[164.92,14.1747],[164.93,17.338],[164.94,11.1505],[164.95,25.5494],[164.96,17.5834],[164.97,51.2406],[164.98,142.667],[164.99,30.1395],[165.0,36.2147],[165.01,73.2258],[165.02,39.36],[165.03,32.8307],[165.04,68.6679],[165.05,45.059],[165.06,87.7176],[165.07,27.4119],[165.08,129.4149],[165.09,157.4912],[165.1,24.0532]]},"raw":{}}
{"exchange":"bybit","instance_id":"A","symbol":"SOL-USD","event_ts":1762205088.236,"seq":47851639,"depth":{"last_seq":47851639,"bids":[[164.9,42.3984],[164.89,27.5855],[164.88,79.6362],[164.87,103.4875],[164.86,75.8549],[164.85,64.6935],[164.84,55.7208],[164.83,80.325],[164.82,59.1645],[164.81,51.0165],[164.8,63.3516],[164.79,15.4017],[164.78,182.3452],[164.77,77.7839],[164.76,128.6638],[164.75,116.5776],[164.74,5.5446],[164.73,14.105],[164.72,100.845],[164.71,10.4592]],"asks":[[164.91,86.9642],[164.92,14.1747],[164.93,17.338],[164.94,15.519],[164.95,25.5494],[164.96,25.9673],[164.97,51.2406],[164.98,142.667],[164.99,30.1395],[165.0,36.2147],[165.01,73.2258],[165.02,39.36],[165.03,32.8307],[165.04,65.6679],[165.05,45.059],[165.06,84.7176],[165.07,27.4119],[165.08,129.4149],[165.09,157.4912],[165.1,24.0532]]},"raw":{}}
{"exchange":"bybit","instance_id":"A","symbol":"SOL-USD","event_ts":1762205088.256,"seq":47851640,"depth":{"last_seq":47851640,"bids":[[164.9,42.3984],[164.89,27.5855],[164.88,79.6362],[164.87,103.4875],[164.86,75.8549],[164.85,64.6935],[164.84,55.7208],[164.83,80.325],[164.82,59.1645],[164.81,51.0165],[164.8,63.3516],[164.79,15.4017],[164.78,199.8452],[164.77,95.1372],[164.76,111.3084],[164.75,99.2264],[164.74,5.5446],[164.73,14.105],[164.72,100.845],[164.71,10.4592]],"asks":[[164.91,86.9642],[164.92,14.1747],[164.93,17.338],[164.94,15.519],[164.95,29.1992],[164.96,25.9673],[164.97,51.2406],[164.98,142.667],[164.99,30.1395],[165.0,36.2147],[165.01,73.2258],[165.02,39.0852],[165.03,32.8307],[165.04,65.6679],[165.05,45.059],[165.06,84.7176],[165.07,27.4119],[165.08,129.4149],[165.09,157.4912],[165.1,24.0532]]},"raw":{}}
{"exchange":"bybit","instance_id":"A","symbol":"SOL-USD","event_ts":1762205088.276,"seq":47851641,"depth":{"last_seq":47851641,"bids":[[164.9,42.3984],[164.89,27.5855],[164.88,79.6362],[164.87,103.4875],[164.86,58.034],[164.85,64.6935],[164.84,55.7208],[164.83,80.325],[164.82,59.1645],[164.81,51.0165],[164.8,63.3516],[164.79,15.4017],[164.78,199.8452],[164.77,95.1372],[164.76,111.3084],[164.75,99.2264],[164.74,5.5446],[164.73,14.105],[164.72,100.845],[164.71,10.4592]],"asks":[[164.91,86.9642],[164.92,14.1747],[164.93,17.338],[164.94,20.019],[164.95,29.1992],[164.96,25.9673],[164.97,51.2406],[164.98,142.667],[164.99,24.2564],[165.0,49.1226],[165.01,73.2258],[165.02,39.0852],[165.03,32.8307],[165.04,65.6679],[165.05,45.059],[165.06,84.7176],[165.07,27.4119],[165.08,129.4149],[165.09,157.4912],[165.1,24.0532]]},"raw":{}}
{"exchange":"bybit","instance_id":"A","symbol":"SOL-USD","event_ts":1762205088.296,"seq":47851642,"depth":{"last_seq":47851642,"bids":[[164.9,42.3984],[164.89,27.5855],[164.88,79.6362],[164.87,103.4875],[164.86,58.034],[164.85,64.6935],[164.84,55.7208],[164.83,80.325],[164.82,59.1645],[164.81,51.0165],[164.8,63.3516],[164.79,15.4017],[164.78,199.8452],[164.77,95.1372],[164.76,111.3084],[164.75,99.2264],[164.74,5.5446],[164.73,14.105],[164.72,100.845],[164.71,10.4592]],"asks":[[164.91,86.9642],[164.92,14.1747],[164.93,17.338],[164.94,20.019],[164.95,29.1992],[164.96,25.9673],[164.97,51.2406],[164.98,142.667],[164.99,33.9925],[165.0,49.1226],[165.01,73.2258],[165.02,39.0852],[165.03,32.8307],[165.04,65.6679],[165.05,45.059],[165.06,84.7176],[165.07,27.4119],[165.08,129.4149],[165.09,157.4912],[165.1,24.0532]]},"raw":{}}
{"exchange":"bybit","instance_id":"A","symbol":"SOL-USD","event_ts":1762205088.316,"seq":47851643,"depth":{"last_seq":47851643,"bids":[[164.9,88.5584],[164.89,27.5855],[164.88,79.6362],[164.87,103.4875],[164.86,58.034],[164.85,64.6935],[164.84,55.7208],[164.83,80.325],[164.82,49.7645],[164.81,51.0165],[164.8,63.3516],[164.79,15.4017],[164.78,199.8452],[164.77,95.1372],[164.76,111.3084],[164.75,99.2264],[164.74,5.5446],[164.73,14.105],[164.72,100.845],[164.71,10.4592]],"asks":[[164.91,86.9642],[164.92,14.1747],[164.93,17.338],[164.94,20.019],[164.95,29.1992],[164.96,30.275],[164.97,51.2406],[164.98,142.667],[164.99,33.9925],[165.0,49.1226],[165.01,73.2258],[165.02,39.0852],[165.03,32.8307],[165.04,74.191],[165.05,45.059],[165.06,84.7176],[165.07,27.4119],[165.08,129.4149],[165.09,157.4912],[165.1,24.0532]]},"raw":{}}
{"exchange":"bybit","instance_id":"A","symbol":"SOL-USD","event_ts":1762205088.336,"seq":47851644,"depth":{"last_seq":47851644,"bids":[[164.9,88.5584],[164.89,27.5855],[164.88,79.6362],[164.87,103.4875],[164.86,58.034],[164.85,64.6935],[164.84,55.7208],[164.83,80.325],[164.82,49.7645],[164.81,51.0165],[164.8,63.3516],[164.79,15.4017],[164.78,199.8452],[164.77,95.1372],[164.76,111.3084],[164.75,99.2264],[164.74,5.5446],[164.73,14.105],[164.72,100.845],[164.71,10.4592]],"asks":[[164.91,86.9642],[164.92,14.1747],[164.93,17.338],[164.94,31.724],[164.95,29.1992],[164.96,30.275],[164.97,51.2406],[164.98,142.667],[164.99,33.9925],[165.0,49.1226],[165.01,78.6617],[165.02,39.0852],[165.03,32.8307],[165.04,74.191],[165.05,45.059],[165.06,84.7176],[165.07,27.4119],[165.08,129.4149],[165.09,157.4912],[165.1,24.0532]]},"raw":{}}
{"exchange":"bybit","instance_id":"A","symbol":"SOL-USD","event_ts":1762205088.356,"seq":47851645,"depth":{"last_seq":47851645,"bids":[[164.9,88.5584],[164.89,27.5855],[164.88,79.6362],[164.87,115.1925],[164.86,58.034],[164.85,52.9885],[164.84,55.7208],[164.83,80.325],[164.82,49.7645],[164.81,51.0165],[164.8,63.3516],[164.79,15.4017],[164.78,199.8452],[164.77,95.1372],[164.76,111.3084],[164.75,99.2264],[164.74,5.5446],[164.73,14.105],[164.72,100.845],[164.71,10.4592]],"asks":[[164.91,86.9642],[164.92,14.1747],[164.93,17.338],[164.94,31.724],[164.95,29.1992],[164.96,30.275],[164.97,51.2406],[164.98,142.667],[164.99,33.9925],[165.0,49.1226],[165.01,78.6617],[165.02,39.0852],[165.03,32.8307],[165.04,74.191],[165.05,45.059],[165.06,84.7176],[165.07,27.4119],[165.08,129.4149],[165.09,157.4912],[165.1,24.0532]]},"raw":{}}
{"exchange":"bybit","instance_id":"A","symbol":"SOL-USD","event_ts":1762205088.376,"seq":47851646,"depth":{"last_seq":47851646,"bids":[[164.9,88.5584],[164.89,27.5855],[164.88,79.6362],[164.87,115.1925],[164.86,60.7749],[164.85,52.9885],[164.84,55.7208],[164.83,80.325],[164.82,49.7645],[164.81,51.0165],[164.8,63.3516],[164.79,15.4017],[164.78,199.8452],[164.77,95.1372],[164.76,111.3084],[164.75,99.2264],[164.74,5.5446],[164.73,14.105],[164.72,100.845],[164.71,10.4592]],"asks":[[164.91,89.9961],[164.92,14.1747],[164.93,20.0893],[164.94,31.724],[164.95,25.5494],[164.96,30.275],[164.97,51.2406],[164.98,142.667],[164.99,33.9925],[165.0,49.1226],[165.01,78.6617],[165.02,39.0852],[165.03,32.8307],[165.04,74.191],[165.05,45.059],[165.06,84.7176],[165.07,27.4119],[165.08,176.426],[165.09,157.4912],[165.1,24.0532]]},"raw":{}}
{"exchange":"bybit","instance_id":"A","symbol":"SOL-USD","event_ts":1762205088.397,"seq":47851647,"depth":{"last_seq":47851647,"bids":[[164.9,88.5584],[164.89,27.5855],[164.88,79.6362],[164.87,103.0523],[164.86,60.7749],[164.85,52.9885],[164.84,55.7208],[164.83,80.325],[164.82,49.7645],[164.81,51.0165],[164.8,63.3516],[164.79,15.4017],[164.78,199.8452],[164.77,95.1372],[164.76,111.3084],[164.75,99.2264],[164.74,5.5446],[164.73,14.105],[164.72,100.845],[164.71,10.4592]],"asks":[[164.91,90.2994],[164.92,2.0455],[164.93,32.2181],[164.94,31.724],[164.95,25.5494],[164.96,30.275],[164.97,51.2406],[164.98,142.667],[164.99,33.9925],[165.0,49.1226],[165.01,78.6617],[165.02,39.0852],[165.03,32.8307],[165.04,74.191],[165.05,67.8803],[165.06,84.7176],[165.07,27.4119],[165.08,176.426],[165.09,157.4912],[165.1,24.0532]]},"raw":{}}
{"exchange":"bybit","instance_id":"A","symbol":"SOL-USD","event_ts":1762205088.416,"seq":47851648,"depth":{"last_seq":47851648,"bids":[[164.9,88.5584],[164.89,27.5855],[164.88,72.4105],[164.87,103.0523],[164.86,60.7749],[164.85,52.9885],[164.84,55.7208],[164.83,80.325],[164.82,49.7645],[164.81,51.0165],[164.8,66.3848],[164.79,15.4017],[164.78,199.8452],[164.77,95.1372],[164.76,111.3084],[164.75,99.2264],[164.74,5.5446],[164.73,14.105],[164.72,100.845],[164.71,10.4592]],"asks":[[164.91,90.2994],[164.92,2.0455],[164.93,32.2181],[164.94,31.724],[164.95,25.5494],[164.96,30.275],[164.97,51.2406],[164.98,142.667],[164.99,33.9925],[165.0,55.1184],[165.01,78.6617],[165.02,39.0852],[165.03,32.8307],[165.04,74.191],[165.05,67.8803],[165.06,84.7176],[165.07,27.4119],[165.08,176.426],[165.09,157.4912],[165.1,24.0532]]},"raw":{}}
{"exchange":"bybit","instance_id":"A","symbol":"SOL-USD","event_ts":1762205088.436,"seq":47851649,"depth":{"last_seq":47851649,"bids":[[164.9,88.5584],[164.89,11.9606],[164.88,72.4105],[164.87,103.0523],[164.86,60.7749],[164.85,63.3902],[164.84,79.6978],[164.83,62.1493],[164.82,49.7645],[164.81,51.0165],[164.8,63.3516],[164.79,15.4017],[164.78,199.8452],[164.77,95.1372],[164.76,111.3084],[164.75,99.2264],[164.74,5.5446],[164.73,14.105],[164.72,100.845],[164.71,10.4592]],"asks":[[164.91,89.9961],[164.92,10.3586],[164.93,32.2181],[164.94,31.724],[164.95,29.1992],[164.96,17.5834],[164.97,51.2406],[164.98,142.667],[164.99,33.9925],[165.0,55.1184],[165.01,78.6617],[165.02,39.0852],[165.03,32.8307],[165.04,74.191],[165.05,67.8803],[165.06,84.7176],[165.07,27.4119],[165.08,176.426],[165.09,157.4912],[165.1,24.0532]]},"raw":{}}
{"exchange":"bybit","instance_id":"A","symbol":"SOL-USD","event_ts":1762205088.456,"seq":47851650,"depth":{"last_seq":47851650,"bids":[[164.9,88.5584],[164.89,11.9606],[164.88,72.4105],[164.87,103.0523],[164.86,70.361],[164.85,63.3902],[164.84,95.8182],[164.83,62.1493],[164.82,49.7645],[164.81,51.0165],[164.8,63.3516],[164.79,15.4017],[164.78,199.8452],[164.77,235.4844],[164.76,111.3084],[164.75,99.2264],[164.74,5.5446],[164.73,14.105],[164.72,100.845],[164.71,10.4592]],"asks":[[164.91,89.9961],[164.92,10.3586],[164.93,32.2181],[164.94,31.724],[164.95,25.5494],[164.96,17.5834],[164.97,51.2406],[164.98,142.667],[164.99,33.9925],[165.0,55.1184],[165.01,78.6617],[165.02,39.0852],[165.03,32.8307],[165.04,74.191],[165.05,67.8803],[165.06,84.7176],[165.07,27.4119],[165.08,176.426],[165.09,157.4912],[165.1,24.0532]]},"raw":{}}
{"exchange":"bybit","instance_id":"A","symbol":"SOL-USD","event_ts":1762205088.476,"seq":47851651,"depth":{"last_seq":47851651,"bids":[[164.9,88.5584],[164.89,11.9606],[164.88,72.4105],[164.87,103.0523],[164.86,70.361],[164.85,72.0494],[164.84,95.8182],[164.83,62.1493],[164.82,49.7645],[164.81,51.0165],[164.8,63.3516],[164.79,15.4017],[164.78,199.8452],[164.77,235.4844],[164.76,111.3084],[164.75,99.2264],[164.74,5.5446],[164.73,14.105],[164.72,100.845],[164.71,10.4592]],"asks":[[164.91,89.9961],[164.92,10.3586],[164.93,32.2181],[164.94,31.724],[164.95,25.5494],[164.96,17.5834],[164.97,51.2406],[164.98,142.667],[164.99,33.9925],[165.0,55.1184],[165.01,78.6617],[165.02,39.0852],[165.03,32.8307],[165.04,74.191],[165.05,67.8803],[165.06,84.7176],[165.07,27.4119],[165.08,176.426],[165.09,157.4912],[165.1,24.0532]]},"raw":{}}
{"exchange":"bybit","instance_id":"A","symbol":"SOL-USD","event_ts":1762205088.516,"seq":47851652,"depth":{"last_seq":47851652,"bids":[[164.9,88.5584],[164.89,11.9606],[164.88,77.9095],[164.87,103.0523],[164.86,70.361],[164.85,74.1047],[164.84,95.8182],[164.83,62.1493],[164.82,49.7645],[164.81,51.0165],[164.8,63.3516],[164.79,15.4017],[164.78,199.8452],[164.77,235.4844],[164.76,111.3084],[164.75,99.2264],[164.74,5.5446],[164.73,14.105],[164.72,100.845],[164.71,10.4592]],"asks":[[164.91,89.9961],[164.92,10.3586],[164.93,23.9678],[164.94,31.724],[164.95,25.5494],[164.96,17.5834],[164.97,51.2406],[164.98,142.667],[164.99,33.9925],[165.0,55.1184],[165.01,78.6617],[165.02,39.0852],[165.03,32.8307],[165.04,74.191],[165.05,67.8803],[165.06,84.7176],[165.07,27.4119],[165.08,176.426],[165.09,157.4912],[165.1,24.0532]]},"raw":{}}
{"exchange":"bybit","instance_id":"A","symbol":"SOL-USD","event_ts":1762205088.536,"seq":47851653,"depth":{"last_seq":47851653,"bids":[[164.9,88.5584],[164.89,11.9606],[164.88,77.9095],[164.87,103.0523],[164.86,70.361],[164.85,74.1047],[164.84,95.8182],[164.83,62.1493],[164.82,49.7645],[164.81,51.0165],[164.8,63.3516],[164.79,15.4017],[164.78,199.8452],[164.77,235.5374],[164.76,111.3084],[164.75,99.2264],[164.74,5.5446],[164.73,14.105],[164.72,100.792],[164.71,10.4592]],"asks":[[164.91,105.1559],[164.92,6.414],[164.93,23.9678],[164.94,31.724],[164.95,25.5494],[164.96,17.5834],[164.97,51.2406],[164.98,142.667],[164.99,33.9925],[165.0,55.1184],[165.01,78.6617],[165.02,39.0852],[165.03,32.8307],[165.04,75.5714],[165.05,67.8803],[165.06,84.7176],[165.07,27.4119],[165.08,176.426],[165.09,156.1108],[165.1,24.0532]]},"raw":{}}
{"exchange":"bybit","instance_id":"A","symbol":"SOL-USD","event_ts":1762205088.556,"seq":47851654,"depth":{"last_seq":47851654,"bids":[[164.9,88.5584],[164.89,11.9606],[164.88,77.9095],[164.87,103.0523],[164.86,70.361],[164.85,74.1047],[164.84,95.8182],[164.83,62.1493],[164.82,49.7645],[164.81,51.0165],[164.8,63.3516],[164.79,15.4017],[164.78,199.8452],[164.77,235.5374],[164.76,111.3084],[164.75,99.2264],[164.74,5.5446],[164.73,14.105],[164.72,100.792],[164.71,10.4592]],"asks":[[164.91,105.1559],[164.92,6.414],[164.93,23.9678],[164.94,31.724],[164.95,25.5494],[164.96,17.5834],[164.97,51.2406],[164.98,20.9001],[164.99,155.7594],[165.0,55.1184],[165.01,78.6617],[165.02,39.0852],[165.03,32.8307],[165.04,81.2939],[165.05,67.8803],[165.06,84.7176],[165.07,27.4119],[165.08,176.426],[165.09,156.1108],[165.1,24.0532]]},"raw":{}}
{"exchange":"bybit","instance_id":"A","symbol":"SOL-USD","event_ts":1762205088.576,"seq":47851655,"depth":{"last_seq":47851655,"bids":[[164.9,88.5584],[164.89,11.9606],[164.88,77.9095],[164.87,103.0523],[164.86,70.361],[164.85,74.1047],[164.84,95.8182],[164.83,62.1493],[164.82,49.7645],[164.81,51.0165],[164.8,63.3516],[164.79,15.4017],[164.78,199.8452],[164.77,235.5374],[164.76,111.3084],[164.75,99.2264],[164.74,5.5446],[164.73,14.105],[164.72,100.792],[164.71,10.4592]],"asks":[[164.91,105.1559],[164.92,6.414],[164.93,23.9678],[164.94,31.724],[164.95,25.5494],[164.96,17.5834],[164.97,10.4175],[164.98,58.3066],[164.99,155.7594],[165.0,55.1184],[165.01,78.6617],[165.02,39.0852],[165.03,32.8307],[165.04,81.2939],[165.05,67.8803],[165.06,84.7176],[165.07,27.4119],[165.08,176.426],[165.09,156.1108],[165.1,24.0532]]},"raw":{}}
{"exchange":"bybit","instance_id":"A","symbol":"SOL-USD","event_ts":1762205088.596,"seq":47851656,"depth":{"last_seq":47851656,"bids":[[164.9,88.5584],[164.89,11.9606],[164.88,77.9095],[164.87,103.0523],[164.86,70.361],[164.85,74.1047],[164.84,95.8182],[164.83,62.1493],[164.82,49.7645],[164.81,51.0165],[164.8,63.3516],[164.79,15.4017],[164.78,199.8452],[164.77,235.5374],[164.76,111.3084],[164.75,99.2264],[164.74,5.5446],[164.73,14.105],[164.72,100.792],[164.71,10.4592]],"asks":[[164.91,105.1559],[164.92,18.5429],[164.93,11.839],[164.94,31.724],[164.95,25.5494],[164.96,17.5834],[164.97,10.4175],[164.98,58.3066],[164.99,155.7594],[165.0,55.1184],[165.01,78.6617],[165.02,39.0852],[165.03,32.8307],[165.04,81.2939],[165.05,67.8803],[165.06,84.7176],[165.07,27.4119],[165.08,176.426],[165.09,156.1108],[165.1,24.0532]]},"raw":{}}
{"exchange":"bybit","instance_id":"A","symbol":"SOL-USD","event_ts":1762205088.617,"seq":47851657,"depth":{"last_seq":47851657,"bids":[[164.9,88.5584],[164.89,11.9606],[164.88,77.9095],[164.87,107.5292],[164.86,70.361],[164.85,74.1047],[164.84,76.2097],[164.83,62.1493],[164.82,49.7645],[164.81,51.0165],[164.8,63.3516],[164.79,15.4017],[164.78,199.8452],[164.77,235.5374],[164.76,111.3084],[164.75,99.2264],[164.74,5.5446],[164.73,14.105],[164.72,100.792],[164.71,10.4592]],"asks":[[164.91,105.1559],[164.92,14.1744],[164.93,11.839],[164.94,31.724],[164.95,25.5494],[164.96,17.5834],[164.97,10.4175],[164.98,58.3066],[164.99,155.7594],[165.0,55.1184],[165.01,78.6617],[165.02,39.0852],[165.03,32.8307],[165.04,81.2939],[165.05,67.8803],[165.06,84.7176],[165.07,80.0751],[165.08,176.426],[165.09,156.1108],[165.1,24.0532]]},"raw":{}}
{"exchange":"bybit","instance_id":"A","symbol":"SOL-USD","event_ts":1762205088.636,"seq":47851658,"depth":{"last_seq":47851658,"bids":[[164.9,88.5584],[164.89,11.9606],[164.88,77.9095],[164.87,107.5292],[164.86,70.361],[164.85,74.1047],[164.84,76.2097],[164.83,62.1493],[164.82,49.7645],[164.81,51.0165],[164.8,63.3516],[164.79,15.4017],[164.78,199.8452],[164.77,235.5374],[164.76,111.3084],[164.75,99.2264],[164.74,5.5446],[164.73,14.105],[164.72,100.792],[164.71,10.4592]],"asks":[[164.91,105.1559],[164.92,14.1744],[164.93,11.839],[164.94,31.724],[164.95,25.5494],[164.96,17.5834],[164.97,10.4175],[164.98,58.3066],[164.99,155.7594],[165.0,55.1184],[165.01,78.6617],[165.02,39.0852],[165.03,32.8307],[165.04,81.2939],[165.05,67.8803],[165.06,99.2989],[165.07,80.0751],[165.08,176.426],[165.09,160.4793],[165.1,24.0532]]},"raw":{}}
{"exchange":"bybit","instance_id":"A","symbol":"SOL-USD","event_ts":1762205088.657,"seq":47851659,"depth":{"last_seq":47851659,"bids":[[164.9,88.5584],[164.89,11.9606],[164.88,77.9095],[164.87,107.5292],[164.86,70.361],[164.85,74.1047],[164.84,76.2097],[164.83,62.1493],[164.82,49.7645],[164.81,51.0165],[164.8,63.3516],[164.79,15.4017],[164.78,199.8452],[164.77,235.5374],[164.76,111.3084],[164.75,99.2264],[164.74,5.5446],[164.73,14.105],[164.72,100.792],[164.71,10.4592]],"asks":[[164.91,105.4592],[164.92,14.1744],[164.93,11.839],[164.94,31.724],[164.95,25.5494],[164.96,17.5834],[164.97,10.4175],[164.98,58.3596],[164.99,155.7594],[165.0,55.1184],[165.01,78.6617],[165.02,39.0852],[165.03,32.8307],[165.04,81.2939],[165.05,67.8803],[165.06,99.2989],[165.07,80.0751],[165.08,176.426],[165.09,160.4793],[165.1,24.0532]]},"raw":{}}
