{"exchange":"binance","instance_id":"B","symbol":"SOL-USD","event_ts":1762205084.395,"seq":25731053622,"depth":{"last_seq":25731053622,"bids":[[164.79,175.862],[164.72,364.374]],"asks":[[164.81,68.615],[164.83,15.809],[164.84,62.726],[164.86,491.063],[164.88,544.464]]},"raw":{}}
{"exchange":"binance","instance_id":"B","symbol":"SOL-USD","event_ts":1762205084.495,"seq":25731053649,"depth":{"last_seq":25731053649,"bids":[[164.8,413.586],[164.79,175.862],[164.75,244.032],[164.72,364.374],[164.46,606.946],[163.98,12.386],[163.97,0.796]],"asks":[[164.81,4.233],[164.83,7.824],[164.84,62.726],[164.85,255.036],[164.86,493.118],[164.88,544.464],[164.95,174.881],[164.96,295.762]]},"raw":{}}
{"exchange":"binance","instance_id":"B","symbol":"SOL-USD","event_ts":1762205084.595,"seq":25731053680,"depth":{"last_seq":25731053680,"bids":[[164.8,502.762],[164.79,150.394],[164.78,124.227],[164.77,174.08],[164.75,246.032],[164.73,754.801],[164.72,363.874],[164.46,606.946],[163.98,12.386],[163.97,0.796]],"asks":[[164.81,4.311],[164.82,4.348],[164.83,0.725],[164.84,123.405],[164.85,255.036],[164.86,491.063],[164.87,231.611],[164.88,547.498],[164.93,274.539],[164.94,313.744],[164.95,176.881],[164.96,279.762],[164.97,500.469],[165.16,196.083]]},"raw":{}}
{"exchange":"binance","instance_id":"B","symbol":"SOL-USD","event_ts":1762205084.695,"seq":25731053690,"depth":{"last_seq":25731053690,"bids":[[164.8,488.456],[164.79,150.394],[164.78,124.227],[164.77,174.08],[164.76,345.543],[164.75,243.977],[164.74,541.117],[164.73,754.801],[164.72,364.176],[164.46,606.946],[163.98,12.386],[163.97,0.796]],"asks":[[164.81,4.311],[164.82,4.348],[164.83,0.725],[164.84,123.405],[164.85,255.036],[164.86,492.819],[164.87,231.611],[164.88,547.498],[164.93,274.539],[164.94,313.744],[164.95,176.881],[164.96,279.762],[164.97,500.469],[165.16,196.083],[165.25,99.251],[165.57,2.801]]},"raw":{}}
{"exchange":"binance","instance_id":"B","symbol":"SOL-USD","event_ts":1762205084.795,"seq":25731053711,"depth":{"last_seq":25731053711,"bids":[[164.8,460.988],[164.79,150.394],[164.78,124.227],[164.77,174.08],[164.76,345.543],[164.75,244.032],[164.74,543.117],[164.73,754.801],[164.72,364.176],[164.46,606.946],[163.98,12.386],[163.97,0.796]],"asks":[[164.81,27.532],[164.82,4.379],[164.83,96.006],[164.84,62.726],[164.85,256.762],[164.86,493.118],[164.87,231.611],[164.88,547.498],[164.93,276.539],[164.94,313.744],[164.95,174.881],[164.96,279.762],[164.97,500.469],[165.16,196.083],[165.25,99.251],[165.57,2.74]]},"raw":{}}
{"exchange":"binance","instance_id":"B","symbol":"SOL-USD","event_ts":1762205084.895,"seq":25731053720,"depth":{"last_seq":25731053720,"bids":[[164.8,460.988],[164.79,150.394],[164.78,124.227],[164.77,174.08],[164.76,345.543],[164.75,247.066],[164.74,543.117],[164.73,751.767],[164.72,364.176],[164.69,1015.639],[164.68,1004.096],[164.46,606.946],[164.14,617.108],[164.11,275.133],[164.07,52.844],[163.98,12.386],[163.97,0.796]],"asks":[[164.81,25.283],[164.82,4.379],[164.83,78.505],[164.84,62.726],[164.85,256.762],[164.86,493.118],[164.87,231.611],[164.88,547.498],[164.93,276.539],[164.94,313.744],[164.95,174.881],[164.96,279.762],[164.97,500.469],[165.16,196.083],[165.25,34.972],[165.57,2.74]]},"raw":{}}
{"exchange":"binance","instance_id":"B","symbol":"SOL-USD","event_ts":1762205084.995,"seq":25731053727,"depth":{"last_seq":25731053727,"bids":[[164.8,453.978],[164.79,150.394],[164.78,124.227],[164.77,174.08],[164.76,345.543],[164.75,244.032],[164.74,546.151],[164.73,751.767],[164.72,364.176],[164.69,1015.639],[164.68,1004.096],[164.46,606.946],[164.14,617.108],[164.11,275.133],[164.07,52.844],[163.98,12.386],[163.97,0.796]],"asks":[[164.81,4.311],[164.82,4.379],[164.83,78.505],[164.84,62.726],[164.85,256.762],[164.86,493.118],[164.87,231.611],[164.88,547.498],[164.93,276.539],[164.94,313.744],[164.95,174.881],[164.96,279.762],[164.97,500.469],[165.16,196.083],[165.25,34.972],[165.57,2.801],[165.84,2.664]]},"raw":{}}
{"exchange":"binance","instance_id":"B","symbol":"SOL-USD","event_ts":1762205085.095,"seq":25731053729,"depth":{"last_seq":25731053729,"bids":[[164.8,460.988],[164.79,150.394],[164.78,124.227],[164.77,174.08],[164.76,345.543],[164.75,244.032],[164.74,546.151],[164.73,751.767],[164.72,364.176],[164.69,1015.639],[164.68,1004.096],[164.46,606.946],[164.14,617.108],[164.11,275.133],[164.07,52.844],[163.98,12.386],[163.97,0.796]],"asks":[[164.81,4.311],[164.82,4.379],[164.83,78.505],[164.84,62.726],[164.85,256.762],[164.86,493.118],[164.87,231.611],[164.88,547.498],[164.93,276.539],[164.94,313.744],[164.95,174.881],[164.96,279.762],[164.97,500.469],[165.16,196.083],[165.25,34.972],[165.28,1811.933],[165.57,2.801],[165.84,2.664]]},"raw":{}}
{"exchange":"binance","instance_id":"B","symbol":"SOL-USD","event_ts":1762205085.195,"seq":25731053732,"depth":{"last_seq":25731053732,"bids":[[164.8,460.988],[164.79,150.394],[164.78,124.227],[164.77,174.08],[164.76,345.543],[164.75,244.032],[164.74,546.151],[164.73,751.767],[164.72,364.176],[164.69,1015.639],[164.68,1004.096],[164.46,606.946],[164.14,617.108],[164.11,275.133],[164.1,54.465],[164.07,52.844],[163.98,12.386],[163.97,0.796]],"asks":[[164.81,4.311],[164.82,4.379],[164.83,78.505],[164.84,62.726],[164.85,256.762],[164.86,493.118],[164.87,231.611],[164.88,547.498],[164.93,276.539],[164.94,313.744],[164.95,174.881],[164.96,279.762],[164.97,500.469],[165.16,196.083],[165.25,34.972],[165.28,1811.933],[165.57,2.801],[165.84,2.664]]},"raw":{}}
{"exchange":"binance","instance_id":"B","symbol":"SOL-USD","event_ts":1762205085.295,"seq":25731053734,"depth":{"last_seq":25731053734,"bids":[[164.8,460.988],[164.79,150.394],[164.78,124.227],[164.77,174.08],[164.76,345.543],[164.75,244.032],[164.74,546.151],[164.73,751.767],[164.72,364.176],[164.69,1015.639],[164.68,1004.096],[164.46,606.946],[164.14,617.108],[164.11,275.133],[164.1,54.465],[164.07,52.844],[163.98,12.386],[163.97,0.796],[154.83,14.144]],"asks":[[164.81,4.311],[164.82,4.379],[164.83,78.505],[164.84,62.726],[164.85,256.762],[164.86,493.118],[164.87,231.611],[164.88,532.327],[164.93,276.539],[164.94,313.744],[164.95,174.881],[164.96,279.762],[164.97,500.469],[165.16,196.083],[165.25,34.972],[165.28,1811.933],[165.57,2.801],[165.84,2.664]]},"raw":{}}
{"exchange":"binance","instance_id":"B","symbol":"SOL-USD","event_ts":1762205085.395,"seq":25731053735,"depth":{"last_seq":25731053735,"bids":[[164.8,460.988],[164.79,150.394],[164.78,124.227],[164.77,174.08],[164.76,345.543],[164.75,244.032],[164.74,546.151],[164.73,751.767],[164.72,364.176],[164.69,1015.639],[164.68,1004.096],[164.46,606.946],[164.14,617.108],[164.11,275.133],[164.1,54.465],[164.07,52.844],[163.98,12.386],[163.97,0.796],[163.66,2109.1],[154.83,14.144]],"asks":[[164.81,4.311],[164.82,4.379],[164.83,78.505],[164.84,62.726],[164.85,256.762],[164.86,493.118],[164.87,231.611],[164.88,532.327],[164.93,276.539],[164.94,313.744],[164.95,174.881],[164.96,279.762],[164.97,500.469],[165.16,196.083],[165.25,34.972],[165.28,1811.933],[165.57,2.801],[165.84,2.664]]},"raw":{}}
{"exchange":"binance","instance_id":"B","symbol":"SOL-USD","event_ts":1762205085.495,"seq":25731053743,"depth":{"last_seq":25731053743,"bids":[[164.8,460.988],[164.79,150.394],[164.78,124.227],[164.77,174.08],[164.76,345.241],[164.75,244.032],[164.74,546.151],[164.73,751.767],[164.72,364.176],[164.69,1015.639],[164.68,1004.096],[164.46,606.946],[164.14,617.108],[164.11,275.133],[164.1,54.465],[164.07,52.844],[163.98,12.386],[163.97,0.796],[163.66,2109.1],[163.15,5.327]],"asks":[[164.81,4.433],[164.82,4.379],[164.83,78.505],[164.84,62.726],[164.85,256.762],[164.86,493.118],[164.87,231.611],[164.88,532.327],[164.93,276.539],[164.94,313.744],[164.95,174.881],[164.96,279.762],[164.97,500.469],[165.16,196.083],[165.25,34.972],[165.28,1811.933],[165.57,2.801],[165.84,2.664]]},"raw":{}}
{"exchange":"binance","instance_id":"B","symbol":"SOL-USD","event_ts":1762205085.595,"seq":25731053744,"depth":{"last_seq":25731053744,"bids":[[164.8,460.988],[164.79,150.394],[164.78,124.227],[164.77,174.08],[164.76,345.241],[164.75,244.032],[164.74,546.151],[164.73,751.767],[164.72,364.176],[164.69,1015.639],[164.68,1004.096],[164.46,606.946],[164.14,617.108],[164.11,275.133],[164.1,54.465],[164.07,52.844],[163.98,12.386],[163.97,0.796],[163.66,2109.1],[163.15,5.327]],"asks":[[164.81,4.433],[164.82,4.379],[164.83,78.505],[164.84,62.726],[164.85,256.762],[164.86,493.118],[164.87,231.611],[164.88,532.327],[164.93,276.539],[164.94,313.744],[164.95,174.881],[164.96,279.762],[164.97,500.469],[165.01,979.629],[165.16,196.083],[165.25,34.972],[165.28,1811.933],[165.57,2.801],[165.84,2.664]]},"raw":{}}
{"exchange":"binance","instance_id":"B","symbol":"SOL-USD","event_ts":1762205085.695,"seq":25731053748,"depth":{"last_seq":25731053748,"bids":[[164.8,460.988],[164.79,150.394],[164.78,124.227],[164.77,174.08],[164.76,345.241],[164.75,244.032],[164.74,546.151],[164.73,751.767],[164.72,364.176],[164.69,1015.639],[164.68,1004.096],[164.46,606.946],[164.14,617.108],[164.11,275.133],[164.1,54.465],[164.07,52.844],[163.98,12.386],[163.97,0.796],[163.66,2109.1],[163.15,5.327]],"asks":[[164.81,4.311],[164.82,4.379],[164.83,78.505],[164.84,62.726],[164.85,256.762],[164.86,491.063],[164.87,231.611],[164.88,532.327],[164.93,276.539],[164.94,313.744],[164.95,174.881],[164.96,279.762],[164.97,500.469],[165.01,979.629],[165.16,196.083],[165.19,985.347],[165.25,34.972],[165.28,1811.933],[165.57,2.801],[165.84,2.664]]},"raw":{}}
{"exchange":"binance","instance_id":"B","symbol":"SOL-USD","event_ts":1762205085.795,"seq":25731053752,"depth":{"last_seq":25731053752,"bids":[[164.8,460.988],[164.79,150.394],[164.78,124.227],[164.77,174.08],[164.76,345.241],[164.75,244.032],[164.74,546.151],[164.73,751.767],[164.72,364.176],[164.69,1015.639],[164.68,1004.096],[164.46,606.946],[164.14,617.108],[164.11,275.133],[164.1,54.465],[164.07,52.844],[163.98,12.386],[163.97,0.796],[163.66,2109.1],[163.15,5.327]],"asks":[[164.81,4.311],[164.82,4.379],[164.83,78.505],[164.84,62.726],[164.85,256.762],[164.86,491.063],[164.87,231.611],[164.88,532.327],[164.93,276.539],[164.94,313.744],[164.95,174.881],[164.96,279.762],[164.97,500.469],[165.01,979.629],[165.16,196.083],[165.19,985.347],[165.25,34.972],[165.28,1811.933],[165.57,2.801],[165.84,2.664]]},"raw":{}}
{"exchange":"binance","instance_id":"B","symbol":"SOL-USD","event_ts":1762205085.895,"seq":25731053756,"depth":{"last_seq":25731053756,"bids":[[164.8,460.988],[164.79,150.394],[164.78,128.475],[164.77,174.08],[164.76,345.241],[164.75,244.032],[164.74,546.151],[164.73,751.767],[164.72,364.176],[164.69,1015.639],[164.68,1004.096],[164.65,298.772],[164.61,209.2],[164.46,606.946],[164.14,617.108],[164.11,275.133],[164.1,54.465],[164.07,52.844],[163.98,12.386],[163.97,0.796]],"asks":[[164.81,4.311],[164.82,4.379],[164.83,78.505],[164.84,62.726],[164.85,256.762],[164.86,493.118],[164.87,231.611],[164.88,532.327],[164.93,276.539],[164.94,313.744],[164.95,174.881],[164.96,279.762],[164.97,500.469],[165.01,979.629],[165.05,419.533],[165.16,196.083],[165.19,985.347],[165.25,34.972],[165.28,1811.933],[165.57,2.801]]},"raw":{}}
{"exchange":"binance","instance_id":"B","symbol":"SOL-USD","event_ts":1762205085.995,"seq":25731053761,"depth":{"last_seq":25731053761,"bids":[[164.8,460.988],[164.79,150.394],[164.78,128.475],[164.77,174.08],[164.76,345.241],[164.75,244.032],[164.74,546.151],[164.73,751.767],[164.72,364.176],[164.69,1015.639],[164.68,1004.096],[164.65,298.772],[164.61,209.474],[164.46,606.946],[164.14,617.108],[164.11,275.133],[164.1,54.465],[164.07,52.844],[163.98,7.386],[163.97,5.796]],"asks":[[164.81,4.311],[164.82,4.379],[164.83,85.096],[164.84,62.726],[164.85,256.762],[164.86,493.118],[164.87,231.611],[164.88,532.327],[164.9,532.236],[164.93,276.539],[164.94,313.744],[164.95,174.881],[164.96,279.762],[164.97,500.469],[165.01,979.629],[165.03,278.921],[165.05,419.533],[165.16,196.083],[165.19,985.347],[165.25,34.972]]},"raw":{}}
{"exchange":"binance","instance_id":"B","symbol":"SOL-USD","event_ts":1762205086.095,"seq":25731053766,"depth":{"last_seq":25731053766,"bids":[[164.8,460.988],[164.79,150.394],[164.78,128.475],[164.77,174.08],[164.76,345.241],[164.75,244.032],[164.74,546.151],[164.73,751.767],[164.72,364.176],[164.69,1015.639],[164.68,1004.096],[164.65,298.772],[164.61,209.474],[164.46,606.946],[164.29,256.16],[164.14,617.108],[164.11,275.133],[164.1,54.465],[164.07,52.844],[163.98,7.386]],"asks":[[164.81,4.143],[164.82,4.379],[164.83,85.096],[164.84,62.726],[164.85,256.762],[164.86,491.063],[164.87,231.611],[164.88,532.327],[164.9,532.236],[164.93,276.539],[164.94,313.744],[164.95,174.881],[164.96,279.762],[164.97,500.469],[165.01,979.629],[165.03,278.921],[165.05,419.533],[165.16,196.083],[165.19,985.347],[165.25,34.972]]},"raw":{}}
{"exchange":"binance","instance_id":"B","symbol":"SOL-USD","event_ts":1762205086.195,"seq":25731053773,"depth":{"last_seq":25731053773,"bids":[[164.8,460.988],[164.79,150.394],[164.78,128.475],[164.77,174.08],[164.76,345.241],[164.75,241.977],[164.74,546.151],[164.73,751.767],[164.72,364.176],[164.69,1015.639],[164.68,1004.096],[164.65,298.772],[164.61,209.474],[164.46,606.946],[164.29,256.16],[164.14,617.108],[164.11,275.133],[164.1,54.465],[164.07,52.844],[163.98,7.386]],"asks":[[164.81,4.143],[164.82,4.379],[164.83,85.096],[164.84,62.726],[164.85,256.762],[164.86,493.118],[164.87,231.611],[164.88,532.327],[164.9,532.236],[164.93,276.539],[164.94,313.744],[164.95,174.881],[164.96,279.762],[164.97,500.469],[165.01,1019.681],[165.03,278.921],[165.05,419.533],[165.08,237.32],[165.16,196.083],[165.19,985.347]]},"raw":{}}
{"exchange":"binance","instance_id":"B","symbol":"SOL-USD","event_ts":1762205086.295,"seq":25731053777,"depth":{"last_seq":25731053777,"bids":[[164.8,460.988],[164.79,150.394],[164.78,128.475],[164.77,178.084],[164.76,345.543],[164.75,240.028],[164.74,546.151],[164.73,751.767],[164.72,364.176],[164.69,1015.639],[164.68,1004.096],[164.65,298.772],[164.61,209.474],[164.46,606.946],[164.29,256.16],[164.14,617.108],[164.11,275.133],[164.1,54.465],[164.07,52.844],[163.98,7.386]],"asks":[[164.81,4.143],[164.82,4.379],[164.83,85.096],[164.84,62.726],[164.85,256.762],[164.86,493.118],[164.87,231.611],[164.88,532.327],[164.9,532.236],[164.93,276.539],[164.94,313.744],[164.95,174.881],[164.96,279.762],[164.97,500.469],[165.01,1019.681],[165.03,278.921],[165.05,419.533],[165.08,237.32],[165.16,196.083],[165.19,985.347]]},"raw":{}}
{"exchange":"binance","instance_id":"B","symbol":"SOL-USD","event_ts":1762205086.395,"seq":25731053779,"depth":{"last_seq":25731053779,"bids":[[164.8,461.299],[164.79,150.394],[164.78,128.475],[164.77,178.084],[164.76,345.543],[164.75,240.028],[164.74,546.151],[164.73,751.767],[164.72,364.176],[164.69,1015.639],[164.68,1004.096],[164.65,298.772],[164.61,209.474],[164.46,606.946],[164.29,256.16],[164.14,617.108],[164.11,275.133],[164.1,54.465],[164.07,52.844],[163.98,7.386]],"asks":[[164.81,4.143],[164.82,4.379],[164.83,85.096],[164.84,62.726],[164.85,256.762],[164.86,493.118],[164.87,231.611],[164.88,532.327],[164.9,532.236],[164.93,276.539],[164.94,313.744],[164.95,174.881],[164.96,279.762],[164.97,500.469],[165.01,1019.681],[165.03,278.921],[165.05,419.533],[165.08,237.32],[165.16,196.083],[165.19,985.347]]},"raw":{}}
{"exchange":"binance","instance_id":"B","symbol":"SOL-USD","event_ts":1762205086.496,"seq":25731053781,"depth":{"last_seq":25731053781,"bids":[[164.8,461.299],[164.79,150.394],[164.78,128.475],[164.77,178.084],[164.76,345.543],[164.75,240.028],[164.74,546.151],[164.73,751.767],[164.72,364.176],[164.69,1015.639],[164.68,1004.096],[164.65,298.772],[164.61,209.474],[164.46,606.946],[164.29,256.16],[164.14,617.108],[164.11,275.133],[164.1,54.465],[164.07,52.844],[163.98,7.386]],"asks":[[164.81,4.266],[164.82,4.379],[164.83,85.096],[164.84,62.726],[164.85,256.762],[164.86,493.118],[164.87,231.611],[164.88,547.498],[164.9,532.236],[164.93,276.539],[164.94,313.744],[164.95,174.881],[164.96,279.762],[164.97,500.469],[165.01,1019.681],[165.03,278.921],[165.05,419.533],[165.08,237.32],[165.16,196.083],[165.19,985.347]]},"raw":{}}
{"exchange":"binance","instance_id":"B","symbol":"SOL-USD","event_ts":1762205086.595,"seq":25731053821,"depth":{"last_seq":25731053821,"bids":[[164.8,361.114],[164.79,149.024],[164.78,98.203],[164.77,109.526],[164.76,345.543],[164.75,240.028],[164.74,544.151],[164.73,753.767],[164.72,364.176],[164.71,271.509],[164.69,1015.639],[164.68,1004.096],[164.65,298.772],[164.61,209.474],[164.46,606.946],[164.29,256.16],[164.14,617.108],[164.11,275.133],[164.1,54.465],[164.07,52.844]],"asks":[[164.81,119.305],[164.82,65.002],[164.83,24.416],[164.84,89.88],[164.85,255.004],[164.86,493.118],[164.87,231.611],[164.88,547.498],[164.9,532.236],[164.93,276.539],[164.94,313.744],[164.95,174.881],[164.96,279.762],[164.97,500.469],[165.01,1019.681],[165.03,278.921],[165.05,419.533],[165.08,237.32],[165.16,196.083],[165.19,985.347]]},"raw":{}}
{"exchange":"binance","instance_id":"B","symbol":"SOL-USD","event_ts":1762205086.695,"seq":25731053862,"depth":{"last_seq":25731053862,"bids":[[164.8,361.114],[164.79,166.687],[164.78,144.496],[164.77,199.695],[164.76,345.543],[164.75,240.028],[164.74,545.364],[164.73,753.767],[164.72,364.176],[164.71,305.573],[164.69,1015.639],[164.68,1004.096],[164.65,298.772],[164.61,209.474],[164.59,912.731],[164.46,606.946],[164.29,256.16],[164.14,617.108],[164.11,275.133],[164.1,54.465]],"asks":[[164.81,118.118],[164.82,69.598],[164.83,31.679],[164.84,64.468],[164.85,255.004],[164.86,491.063],[164.87,230.398],[164.88,547.498],[164.9,532.236],[164.93,276.539],[164.94,313.744],[164.95,174.881],[164.96,279.762],[164.97,500.469],[165.0,418.495],[165.01,1019.681],[165.03,278.921],[165.05,419.533],[165.08,237.32],[165.15,145.495]]},"raw":{}}
{"exchange":"binance","instance_id":"B","symbol":"SOL-USD","event_ts":1762205086.795,"seq":25731053871,"depth":{"last_seq":25731053871,"bids":[[164.8,361.114],[164.79,180.738],[164.78,171.411],[164.77,190.557],[164.76,345.543],[164.75,240.028],[164.74,545.364],[164.73,753.767],[164.72,364.176],[164.71,305.573],[164.69,1015.639],[164.68,1004.096],[164.65,298.772],[164.61,209.474],[164.59,912.731],[164.46,606.946],[164.29,256.16],[164.14,617.108],[164.11,275.133],[164.1,54.465]],"asks":[[164.81,117.856],[164.82,69.598],[164.83,24.416],[164.84,64.468],[164.85,255.004],[164.86,493.118],[164.87,230.398],[164.88,547.498],[164.9,532.236],[164.93,276.539],[164.94,313.744],[164.95,174.881],[164.96,279.762],[164.97,500.469],[165.0,418.495],[165.01,1019.681],[165.03,278.921],[165.05,419.533],[165.08,237.32],[165.15,145.495]]},"raw":{}}
{"exchange":"binance","instance_id":"B","symbol":"SOL-USD","event_ts":1762205086.896,"seq":25731053877,"depth":{"last_seq":25731053877,"bids":[[164.8,361.114],[164.79,180.738],[164.78,137.347],[164.77,190.557],[164.76,345.543],[164.75,240.028],[164.74,545.364],[164.73,753.767],[164.72,364.176],[164.71,305.573],[164.69,1015.639],[164.68,1004.096],[164.65,298.772],[164.61,209.474],[164.59,912.731],[164.46,606.946],[164.29,256.16],[164.14,617.108],[164.11,275.133],[164.1,54.465]],"asks":[[164.81,118.681],[164.82,69.567],[164.83,24.416],[164.84,64.468],[164.85,255.004],[164.86,493.118],[164.87,230.398],[164.88,547.498],[164.9,532.236],[164.93,276.539],[164.94,313.744],[164.95,174.881],[164.96,279.762],[164.97,500.469],[165.0,418.495],[165.01,1019.681],[165.03,278.921],[165.05,419.533],[165.08,237.32],[165.15,145.495]]},"raw":{}}
{"exchange":"binance","instance_id":"B","symbol":"SOL-USD","event_ts":1762205086.995,"seq":25731053878,"depth":{"last_seq":25731053878,"bids":[[164.8,361.114],[164.79,180.738],[164.78,171.411],[164.77,190.557],[164.76,345.543],[164.75,240.028],[164.74,545.364],[164.73,753.767],[164.72,364.176],[164.71,305.573],[164.69,1015.639],[164.68,1004.096],[164.65,298.772],[164.61,209.474],[164.59,912.731],[164.46,606.946],[164.29,256.16],[164.14,617.108],[164.11,275.133],[164.1,54.465]],"asks":[[164.81,118.681],[164.82,69.567],[164.83,24.416],[164.84,64.468],[164.85,255.004],[164.86,493.118],[164.87,230.398],[164.88,547.498],[164.9,532.236],[164.93,276.539],[164.94,313.744],[164.95,174.881],[164.96,279.762],[164.97,500.469],[165.0,418.495],[165.01,1019.681],[165.03,278.921],[165.05,419.533],[165.08,237.32],[165.15,145.495]]},"raw":{}}
{"exchange":"binance","instance_id":"B","symbol":"SOL-USD","event_ts":1762205087.095,"seq":25731053886,"depth":{"last_seq":25731053886,"bids":[[164.8,361.042],[164.79,180.22],[164.78,171.411],[164.77,190.557],[164.76,345.543],[164.75,240.028],[164.74,545.364],[164.73,753.767],[164.72,364.176],[164.71,305.573],[164.69,1015.639],[164.68,1004.096],[164.66,777.451],[164.65,298.772],[164.61,209.474],[164.59,912.731],[164.46,606.946],[164.29,256.16],[164.14,617.108],[164.11,275.133]],"asks":[[164.81,118.681],[164.82,69.567],[164.83,24.416],[164.84,64.468],[164.85,255.036],[164.86,493.118],[164.87,230.398],[164.88,547.498],[164.9,532.236],[164.93,276.539],[164.94,313.778],[164.95,174.881],[164.96,279.762],[164.97,500.469],[165.0,418.495],[165.01,1019.681],[165.03,278.921],[165.05,419.533],[165.08,237.32],[165.15,145.495]]},"raw":{}}
{"exchange":"binance","instance_id":"B","symbol":"SOL-USD","event_ts":1762205087.195,"seq":25731053895,"depth":{"last_seq":25731053895,"bids":[[164.8,395.52],[164.79,180.22],[164.78,171.411],[164.77,190.557],[164.76,345.543],[164.75,240.028],[164.74,545.364],[164.73,753.767],[164.72,364.176],[164.71,305.573],[164.69,1015.639],[164.68,1004.096],[164.66,777.451],[164.65,298.772],[164.61,209.474],[164.59,912.731],[164.46,606.946],[164.29,256.16],[164.14,617.108],[164.11,275.133]],"asks":[[164.81,3.703],[164.82,69.567],[164.83,7.316],[164.84,64.468],[164.85,255.036],[164.86,491.063],[164.87,230.398],[164.88,547.498],[164.9,532.236],[164.93,276.539],[164.94,313.778],[164.95,174.881],[164.96,279.762],[164.97,500.469],[165.0,418.495],[165.01,1019.681],[165.03,278.921],[165.05,419.533],[165.08,237.32],[165.15,145.495]]},"raw":{}}
{"exchange":"binance","instance_id":"B","symbol":"SOL-USD","event_ts":1762205087.295,"seq":25731054068,"depth":{"last_seq":25731054068,"bids":[[164.81,743.239],[164.8,214.605],[164.79,114.894],[164.78,198.045],[164.77,220.557],[164.76,284.777],[164.75,314.921],[164.74,545.364],[164.73,751.767],[164.72,364.145],[164.71,305.573],[164.7,733.441],[164.69,833.58],[164.68,1004.096],[164.66,777.451],[164.65,298.772],[164.61,209.474],[164.59,912.731],[164.46,606.946],[164.45,1867.685]],"asks":[[164.82,9.108],[164.83,0.407],[164.84,1.936],[164.85,119.233],[164.86,114.614],[164.87,230.398],[164.88,563.425],[164.89,783.155],[164.9,532.267],[164.93,274.539],[164.94,313.778],[164.95,176.881],[164.96,265.762],[164.97,486.469],[164.98,785.107],[165.0,418.526],[165.01,1019.681],[165.03,278.921],[165.05,419.533],[165.08,237.32]]},"raw":{}}
{"exchange":"binance","instance_id":"B","symbol":"SOL-USD","event_ts":1762205087.395,"seq":25731054106,"depth":{"last_seq":25731054106,"bids":[[164.81,813.689],[164.8,188.143],[164.79,128.706],[164.78,197.984],[164.77,220.557],[164.76,284.777],[164.75,314.921],[164.74,442.582],[164.73,754.841],[164.72,364.145],[164.71,347.573],[164.7,799.391],[164.69,830.006],[164.68,939.681],[164.66,777.451],[164.65,298.772],[164.61,209.474],[164.59,912.731],[164.46,606.946],[164.45,1867.685]],"asks":[[164.82,9.108],[164.83,0.376],[164.84,25.42],[164.85,95.719],[164.86,114.614],[164.87,230.398],[164.88,563.425],[164.89,783.155],[164.9,444.969],[164.91,758.157],[164.92,626.797],[164.93,274.988],[164.94,313.778],[164.95,176.881],[164.96,265.762],[164.97,486.469],[164.98,785.107],[165.0,418.526],[165.01,1019.681],[165.03,278.921]]},"raw":{}}
{"exchange":"binance","instance_id":"B","symbol":"SOL-USD","event_ts":1762205087.495,"seq":25731054114,"depth":{"last_seq":25731054114,"bids":[[164.81,780.439],[164.8,197.017],[164.79,128.706],[164.78,189.384],[164.77,220.557],[164.76,284.777],[164.75,285.934],[164.74,442.582],[164.73,754.841],[164.72,364.145],[164.71,347.573],[164.7,799.391],[164.69,830.006],[164.68,939.681],[164.66,777.451],[164.65,298.772],[164.61,209.474],[164.59,912.731],[164.46,606.946],[164.45,1867.685]],"asks":[[164.82,9.108],[164.83,0.376],[164.84,25.42],[164.85,95.75],[164.86,114.614],[164.87,230.398],[164.88,563.425],[164.89,783.155],[164.9,444.969],[164.91,758.157],[164.92,626.797],[164.93,274.988],[164.94,313.778],[164.95,176.881],[164.96,265.762],[164.97,486.469],[164.98,785.107],[165.0,418.526],[165.01,1019.681],[165.03,278.921]]},"raw":{}}
{"exchange":"binance","instance_id":"B","symbol":"SOL-USD","event_ts":1762205087.595,"seq":25731054127,"depth":{"last_seq":25731054127,"bids":[[164.81,683.657],[164.8,197.017],[164.79,128.706],[164.78,195.684],[164.77,220.557],[164.76,284.777],[164.75,285.934],[164.74,442.582],[164.73,754.872],[164.72,364.145],[164.71,347.573],[164.7,799.391],[164.69,830.006],[164.68,939.681],[164.66,777.451],[164.65,298.772],[164.61,209.474],[164.59,912.731],[164.46,606.946],[164.45,1867.685]],"asks":[[164.82,9.108],[164.83,0.376],[164.84,86.096],[164.85,95.75],[164.86,114.614],[164.87,234.241],[164.88,563.425],[164.89,722.494],[164.9,444.969],[164.91,758.157],[164.92,627.175],[164.93,274.614],[164.94,313.778],[164.95,176.881],[164.96,265.762],[164.97,486.469],[164.98,785.107],[165.0,418.526],[165.01,1019.681],[165.03,278.921]]},"raw":{}}
{"exchange":"binance","instance_id":"B","symbol":"SOL-USD","event_ts":1762205087.695,"seq":25731054131,"depth":{"last_seq":25731054131,"bids":[[164.81,683.657],[164.8,177.455],[164.79,128.706],[164.78,195.684],[164.77,220.557],[164.76,284.777],[164.75,285.934],[164.74,442.582],[164.73,754.872],[164.72,364.145],[164.71,347.573],[164.7,799.391],[164.69,830.006],[164.68,939.681],[164.66,777.451],[164.65,298.772],[164.61,209.474],[164.59,912.731],[164.46,606.946],[164.45,1867.685]],"asks":[[164.82,5.104],[164.83,0.376],[164.84,86.096],[164.85,95.75],[164.86,116.413],[164.87,232.453],[164.88,563.425],[164.89,722.494],[164.9,444.969],[164.91,758.157],[164.92,627.175],[164.93,274.614],[164.94,313.778],[164.95,176.881],[164.96,265.762],[164.97,486.469],[164.98,785.107],[165.0,418.526],[165.01,1019.681],[165.03,278.921]]},"raw":{}}
{"exchange":"binance","instance_id":"B","symbol":"SOL-USD","event_ts":1762205087.795,"seq":25731054135,"depth":{"last_seq":25731054135,"bids":[[164.81,683.657],[164.8,177.455],[164.79,128.706],[164.78,195.684],[164.77,220.557],[164.76,284.777],[164.75,285.934],[164.74,442.582],[164.73,754.872],[164.72,364.145],[164.71,347.573],[164.7,799.391],[164.69,830.006],[164.68,939.681],[164.66,777.451],[164.65,298.772],[164.61,209.474],[164.59,912.731],[164.46,606.946],[164.45,1867.685]],"asks":[[164.82,0.569],[164.83,3.401],[164.84,86.096],[164.85,95.75],[164.86,116.413],[164.87,232.453],[164.88,563.425],[164.89,722.494],[164.9,444.969],[164.91,758.157],[164.92,627.175],[164.93,274.614],[164.94,313.778],[164.95,176.881],[164.96,265.762],[164.97,486.469],[164.98,785.107],[165.0,418.526],[165.01,1019.681],[165.03,278.921]]},"raw":{}}
{"exchange":"binance","instance_id":"B","symbol":"SOL-USD","event_ts":1762205087.898,"seq":25731054698,"depth":{"last_seq":25731054698,"bids":[[164.85,634.491],[164.84,479.51],[164.83,682.739],[164.82,511.341],[164.81,432.017],[164.8,312.746],[164.79,262.876],[164.78,361.293],[164.77,403.083],[164.76,337.723],[164.75,280.135],[164.74,633.442],[164.73,754.841],[164.72,373.683],[164.71,347.271],[164.7,599.089],[164.69,830.006],[164.68,939.681],[164.67,333.39],[164.66,765.032]],"asks":[[164.86,10.323],[164.87,0.315],[164.88,68.296],[164.89,115.097],[164.9,187.371],[164.91,275.209],[164.92,363.368],[164.93,257.652],[164.94,313.809],[164.95,152.207],[164.96,265.837],[164.97,450.405],[164.98,734.433],[164.99,353.614],[165.0,395.852],[165.01,999.038],[165.02,755.896],[165.03,278.952],[165.04,442.333],[165.05,419.533]]},"raw":{}}
{"exchange":"binance","instance_id":"B","symbol":"SOL-USD","event_ts":1762205087.995,"seq":25731054923,"depth":{"last_seq":25731054923,"bids":[[164.86,869.812],[164.85,491.24],[164.84,634.904],[164.83,679.8],[164.82,400.921],[164.81,435.957],[164.8,489.967],[164.79,240.605],[164.78,425.553],[164.77,310.488],[164.76,321.485],[164.75,158.679],[164.74,699.376],[164.73,754.841],[164.72,364.838],[164.71,478.139],[164.7,551.406],[164.69,830.006],[164.68,922.199],[164.67,333.39]],"asks":[[164.87,25.569],[164.88,1.944],[164.89,1.129],[164.9,97.086],[164.91,214.982],[164.92,172.932],[164.93,193.334],[164.94,313.809],[164.95,150.858],[164.96,178.464],[164.97,450.8],[164.98,800.271],[164.99,326.959],[165.0,379.072],[165.01,1001.038],[165.02,755.896],[165.03,285.335],[165.04,442.333],[165.05,275.549],[165.08,255.881]]},"raw":{}}
{"exchange":"binance","instance_id":"B","symbol":"SOL-USD","event_ts":1762205088.095,"seq":25731055399,"depth":{"last_seq":25731055399,"bids":[[164.88,902.436],[164.87,738.38],[164.86,457.82],[164.85,478.377],[164.84,776.848],[164.83,820.853],[164.82,468.594],[164.81,486.759],[164.8,535.657],[164.79,303.978],[164.78,567.548],[164.77,863.593],[164.76,305.862],[164.75,230.131],[164.74,517.37],[164.73,758.779],[164.72,392.94],[164.71,436.139],[164.7,533.139],[164.69,829.975]],"asks":[[164.89,0.635],[164.9,0.801],[164.91,44.346],[164.92,2.229],[164.93,64.513],[164.94,120.871],[164.95,111.722],[164.96,161.577],[164.97,450.8],[164.98,826.882],[164.99,321.419],[165.0,356.394],[165.01,953.751],[165.02,671.181],[165.03,230.659],[165.04,307.408],[165.05,470.88],[165.06,691.291],[165.07,170.234],[165.08,280.415]]},"raw":{}}
{"exchange":"binance","instance_id":"B","symbol":"SOL-USD","event_ts":1762205088.195,"seq":25731055715,"depth":{"last_seq":25731055715,"bids":[[164.9,434.608],[164.89,350.059],[164.88,628.451],[164.87,539.307],[164.86,456.795],[164.85,581.397],[164.84,943.935],[164.83,716.323],[164.82,468.076],[164.81,462.032],[164.8,374.918],[164.79,741.686],[164.78,729.538],[164.77,863.291],[164.76,369.833],[164.75,158.679],[164.74,439.017],[164.73,758.779],[164.72,392.94],[164.71,436.139]],"asks":[[164.91,240.505],[164.92,2.261],[164.93,60.94],[164.94,59.75],[164.95,109.129],[164.96,207.782],[164.97,446.857],[164.98,217.81],[164.99,311.65],[165.0,508.374],[165.01,997.819],[165.02,671.181],[165.03,276.127],[165.04,367.238],[165.05,462.88],[165.06,703.231],[165.07,170.234],[165.08,363.714],[165.09,492.921],[165.1,1254.322]]},"raw":{}}
{"exchange":"binance","instance_id":"B","symbol":"SOL-USD","event_ts":1762205088.295,"seq":25731055784,"depth":{"last_seq":25731055784,"bids":[[164.9,491.628],[164.89,261.174],[164.88,626.912],[164.87,539.246],[164.86,636.807],[164.85,581.272],[164.84,945.087],[164.83,661.814],[164.82,468.076],[164.81,462.032],[164.8,568.236],[164.79,775.766],[164.78,746.578],[164.77,863.291],[164.76,369.833],[164.75,158.679],[164.74,439.017],[164.73,758.779],[164.72,392.94],[164.71,453.148]],"asks":[[164.91,240.032],[164.92,2.261],[164.93,71.489],[164.94,48.412],[164.95,109.129],[164.96,207.782],[164.97,275.265],[164.98,251.874],[164.99,311.65],[165.0,508.374],[165.01,997.819],[165.02,671.181],[165.03,451.861],[165.04,367.238],[165.05,462.88],[165.06,703.231],[165.07,170.234],[165.08,363.714],[165.09,492.921],[165.1,1254.322]]},"raw":{}}
{"exchange":"binance","instance_id":"B","symbol":"SOL-USD","event_ts":1762205088.395,"seq":25731055813,"depth":{"last_seq":25731055813,"bids":[[164.9,445.322],[164.89,321.828],[164.88,626.912],[164.87,587.109],[164.86,636.807],[164.85,581.306],[164.84,945.087],[164.83,660.601],[164.82,476.921],[164.81,508.258],[164.8,586.362],[164.79,775.766],[164.78,746.578],[164.77,1096.368],[164.76,369.833],[164.75,158.679],[164.74,439.017],[164.73,758.779],[164.72,392.94],[164.71,453.148]],"asks":[[164.91,240.032],[164.92,2.261],[164.93,61.001],[164.94,56.912],[164.95,109.129],[164.96,145.913],[164.97,275.265],[164.98,251.874],[164.99,311.65],[165.0,267.716],[165.01,997.819],[165.02,725.983],[165.03,451.861],[165.04,367.238],[165.05,462.88],[165.06,703.231],[165.07,170.234],[165.08,357.331],[165.09,492.921],[165.1,1254.322]]},"raw":{}}
{"exchange":"binance","instance_id":"B","symbol":"SOL-USD","event_ts":1762205088.495,"seq":25731055866,"depth":{"last_seq":25731055866,"bids":[[164.9,445.258],[164.89,214.481],[164.88,516.166],[164.87,587.109],[164.86,636.807],[164.85,583.361],[164.84,945.032],[164.83,660.601],[164.82,474.921],[164.81,526.525],[164.8,586.362],[164.79,775.766],[164.78,746.578],[164.77,1096.368],[164.76,369.833],[164.75,158.679],[164.74,439.017],[164.73,758.779],[164.72,392.94],[164.71,453.148]],"asks":[[164.91,47.309],[164.92,2.261],[164.93,61.032],[164.94,64.091],[164.95,35.467],[164.96,145.913],[164.97,275.265],[164.98,251.874],[164.99,270.649],[165.0,267.716],[165.01,997.819],[165.02,725.983],[165.03,451.861],[165.04,367.238],[165.05,448.899],[165.06,695.231],[165.07,198.234],[165.08,290.246],[165.09,492.921],[165.1,1235.195]]},"raw":{}}
{"exchange":"binance","instance_id":"B","symbol":"SOL-USD","event_ts":1762205088.595,"seq":25731055886,"depth":{"last_seq":25731055886,"bids":[[164.9,452.768],[164.89,214.481],[164.88,516.166],[164.87,587.109],[164.86,636.807],[164.85,583.361],[164.84,945.032],[164.83,660.601],[164.82,474.421],[164.81,528.525],[164.8,586.362],[164.79,775.766],[164.78,746.578],[164.77,1096.368],[164.76,369.833],[164.75,158.679],[164.74,439.017],[164.73,758.779],[164.72,392.94],[164.71,453.148]],"asks":[[164.91,47.309],[164.92,1.883],[164.93,61.032],[164.94,46.318],[164.95,35.467],[164.96,145.913],[164.97,275.265],[164.98,237.485],[164.99,270.649],[165.0,267.716],[165.01,997.819],[165.02,725.983],[165.03,451.861],[165.04,368.618],[165.05,448.899],[165.06,695.231],[165.07,160.836],[165.08,290.246],[165.09,491.541],[165.1,1235.195]]},"raw":{}}
{"exchange":"binance","instance_id":"B","symbol":"SOL-USD","event_ts":1762205088.695,"seq":25731055905,"depth":{"last_seq":25731055905,"bids":[[164.9,467.017],[164.89,214.481],[164.88,516.166],[164.87,587.109],[164.86,636.807],[164.85,583.361],[164.84,945.032],[164.83,660.601],[164.82,474.421],[164.81,528.525],[164.8,586.362],[164.79,775.766],[164.78,746.578],[164.77,1096.368],[164.76,369.833],[164.75,158.679],[164.74,439.017],[164.73,758.779],[164.72,392.94],[164.71,453.148]],"asks":[[164.91,47.309],[164.92,1.883],[164.93,61.032],[164.94,46.318],[164.95,35.467],[164.96,197.737],[164.97,275.265],[164.98,237.485],[164.99,270.649],[165.0,268.094],[165.01,997.819],[165.02,725.983],[165.03,451.861],[165.04,615.111],[165.05,448.899],[165.06,695.231],[165.07,160.836],[165.08,290.246],[165.09,491.541],[165.1,1235.195]]},"raw":{}}
{"exchange":"binance","instance_id":"B","symbol":"SOL-USD","event_ts":1762205088.795,"seq":25731055908,"depth":{"last_seq":25731055908,"bids":[[164.9,467.017],[164.89,214.481],[164.88,516.166],[164.87,587.109],[164.86,636.807],[164.85,583.361],[164.84,945.032],[164.83,660.601],[164.82,474.421],[164.81,528.525],[164.8,586.362],[164.79,775.766],[164.78,746.578],[164.77,1096.368],[164.76,369.833],[164.75,158.679],[164.74,439.017],[164.73,758.779],[164.72,392.94],[164.71,453.148]],"asks":[[164.91,47.309],[164.92,1.883],[164.93,61.032],[164.94,46.318],[164.95,53.672],[164.96,197.737],[164.97,275.265],[164.98,237.485],[164.99,270.649],[165.0,268.094],[165.01,997.819],[165.02,725.983],[165.03,505.006],[165.04,615.111],[165.05,448.899],[165.06,695.231],[165.07,160.836],[165.08,290.246],[165.09,491.541],[165.1,1235.195]]},"raw":{}}
{"exchange":"binance","instance_id":"B","symbol":"SOL-USD","event_ts":1762205088.895,"seq":25731055933,"depth":{"last_seq":25731055933,"bids":[[164.9,452.768],[164.89,212.694],[164.88,516.166],[164.87,587.109],[164.86,637.207],[164.85,583.361],[164.84,945.032],[164.83,661.001],[164.82,474.421],[164.81,528.525],[164.8,586.362],[164.79,775.797],[164.78,746.578],[164.77,1096.368],[164.76,369.833],[164.75,158.679],[164.74,438.617],[164.73,758.779],[164.72,392.94],[164.71,453.148]],"asks":[[164.91,47.309],[164.92,1.883],[164.93,61.032],[164.94,46.318],[164.95,79.278],[164.96,197.737],[164.97,275.265],[164.98,237.885],[164.99,270.649],[165.0,268.094],[165.01,998.219],[165.02,725.983],[165.03,505.006],[165.04,615.111],[165.05,476.899],[165.06,695.231],[165.07,164.989],[165.08,290.246],[165.09,491.541],[165.1,1235.195]]},"raw":{}}
{"exchange":"binance","instance_id":"B","symbol":"SOL-USD","event_ts":1762205088.995,"seq":25731055940,"depth":{"last_seq":25731055940,"bids":[[164.9,452.768],[164.89,212.694],[164.88,516.166],[164.87,587.109],[164.86,637.207],[164.85,583.361],[164.84,945.032],[164.83,661.001],[164.82,474.421],[164.81,528.525],[164.8,586.362],[164.79,775.797],[164.78,746.578],[164.77,1096.368],[164.76,369.833],[164.75,158.679],[164.74,438.617],[164.73,758.779],[164.72,392.94],[164.71,453.148]],"asks":[[164.91,47.309],[164.92,1.883],[164.93,74.858],[164.94,59.243],[164.95,79.278],[164.96,197.737],[164.97,275.265],[164.98,237.885],[164.99,270.649],[165.0,268.094],[165.01,998.219],[165.02,725.983],[165.03,505.006],[165.04,615.111],[165.05,476.899],[165.06,695.231],[165.07,164.989],[165.08,290.246],[165.09,491.541],[165.1,1235.195]]},"raw":{}}
{"exchange":"binance","instance_id":"B","symbol":"SOL-USD","event_ts":1762205089.095,"seq":25731055977,"depth":{"last_seq":25731055977,"bids":[[164.9,445.304],[164.89,213.076],[164.88,433.834],[164.87,587.109],[164.86,637.207],[164.85,583.361],[164.84,943.032],[164.83,663.001],[164.82,474.421],[164.81,528.525],[164.8,586.362],[164.79,775.797],[164.78,746.578],[164.77,1096.368],[164.76,369.833],[164.75,158.679],[164.74,438.617],[164.73,758.779],[164.72,392.94],[164.71,453.148]],"asks":[[164.91,47.309],[164.92,1.914],[164.93,39.445],[164.94,59.243],[164.95,139.884],[164.96,137.104],[164.97,275.265],[164.98,237.885],[164.99,270.649],[165.0,268.094],[165.01,998.294],[165.02,725.983],[165.03,505.006],[165.04,615.111],[165.05,476.899],[165.06,695.231],[165.07,164.989],[165.08,290.246],[165.09,491.541],[165.1,1235.195]]},"raw":{}}
{"exchange":"binance","instance_id":"B","symbol":"SOL-USD","event_ts":1762205089.195,"seq":25731055989,"depth":{"last_seq":25731055989,"bids":[[164.9,452.314],[164.89,273.733],[164.88,435.573],[164.87,587.109],[164.86,637.207],[164.85,583.361],[164.84,943.032],[164.83,663.001],[164.82,474.421],[164.81,528.525],[164.8,586.362],[164.79,775.797],[164.78,746.578],[164.77,854.446],[164.76,369.833],[164.75,158.679],[164.74,438.617],[164.73,758.779],[164.72,392.94],[164.71,453.148]],"asks":[[164.91,47.309],[164.92,62.561],[164.93,39.445],[164.94,75.682],[164.95,121.679],[164.96,137.104],[164.97,275.265],[164.98,237.885],[164.99,270.649],[165.0,268.094],[165.01,998.294],[165.02,725.983],[165.03,505.006],[165.04,368.618],[165.05,476.899],[165.06,695.231],[165.07,164.989],[165.08,290.246],[165.09,491.541],[165.1,1235.195]]},"raw":{}}
{"exchange":"binance","instance_id":"B","symbol":"SOL-USD","event_ts":1762205089.295,"seq":25731055993,"depth":{"last_seq":25731055993,"bids":[[164.9,452.314],[164.89,273.733],[164.88,435.573],[164.87,587.109],[164.86,637.207],[164.85,583.361],[164.84,943.032],[164.83,663.001],[164.82,474.421],[164.81,528.525],[164.8,586.362],[164.79,775.797],[164.78,746.578],[164.77,854.446],[164.76,369.833],[164.75,158.679],[164.74,438.617],[164.73,758.779],[164.72,392.94],[164.71,453.148]],"asks":[[164.91,47.309],[164.92,62.561],[164.93,14.215],[164.94,75.682],[164.95,96.473],[164.96,137.104],[164.97,275.265],[164.98,237.885],[164.99,270.649],[165.0,268.094],[165.01,998.294],[165.02,725.983],[165.03,451.861],[165.04,368.618],[165.05,476.899],[165.06,695.231],[165.07,164.989],[165.08,290.246],[165.09,491.541],[165.1,1235.195]]},"raw":{}}
{"exchange":"binance","instance_id":"B","symbol":"SOL-USD","event_ts":1762205089.395,"seq":25731056005,"depth":{"last_seq":25731056005,"bids":[[164.9,452.314],[164.89,213.076],[164.88,435.573],[164.87,647.773],[164.86,637.207],[164.85,581.306],[164.84,1003.706],[164.83,663.001],[164.82,474.421],[164.81,528.525],[164.8,586.362],[164.79,775.797],[164.78,746.578],[164.77,1093.238],[164.76,369.833],[164.75,158.679],[164.74,438.617],[164.73,758.779],[164.72,392.94],[164.71,453.148]],"asks":[[164.91,118.002],[164.92,62.561],[164.93,14.215],[164.94,75.682],[164.95,96.473],[164.96,137.104],[164.97,275.265],[164.98,237.885],[164.99,270.649],[165.0,268.094],[165.01,998.294],[165.02,725.983],[165.03,451.861],[165.04,604.394],[165.05,476.899],[165.06,695.231],[165.07,164.989],[165.08,290.246],[165.09,491.541],[165.1,1235.195]]},"raw":{}}
{"exchange":"binance","instance_id":"B","symbol":"SOL-USD","event_ts":1762205089.495,"seq":25731056080,"depth":{"last_seq":25731056080,"bids":[[164.9,79.353],[164.89,88.079],[164.88,188.313],[164.87,463.092],[164.86,627.209],[164.85,583.361],[164.84,1003.706],[164.83,661.001],[164.82,474.421],[164.81,530.525],[164.8,586.362],[164.79,775.797],[164.78,746.578],[164.77,1093.238],[164.76,369.833],[164.75,158.679],[164.74,438.617],[164.73,758.779],[164.72,392.94],[164.71,453.148]],"asks":[[164.91,228.659],[164.92,62.529],[164.93,41.499],[164.94,99.183],[164.95,35.835],[164.96,156.619],[164.97,275.265],[164.98,237.885],[164.99,270.649],[165.0,268.094],[165.01,999.92],[165.02,725.983],[165.03,499.807],[165.04,604.394],[165.05,476.899],[165.06,713.433],[165.07,164.989],[165.08,290.246],[165.09,491.541],[165.1,1235.195]]},"raw":{}}
{"exchange":"binance","instance_id":"B","symbol":"SOL-USD","event_ts":1762205089.595,"seq":25731056135,"depth":{"last_seq":25731056135,"bids":[[164.9,44.789],[164.89,0.781],[164.88,197.417],[164.87,395.113],[164.86,365.136],[164.85,581.306],[164.84,1003.706],[164.83,661.001],[164.82,474.421],[164.81,531.025],[164.8,586.362],[164.79,763.378],[164.78,746.578],[164.77,1093.238],[164.76,502.248],[164.75,171.098],[164.74,438.617],[164.73,758.779],[164.72,392.94],[164.71,320.661]],"asks":[[164.91,235.73],[164.92,72.619],[164.93,41.499],[164.94,69.819],[164.95,35.835],[164.96,215.919],[164.97,275.265],[164.98,748.602],[164.99,270.649],[165.0,355.014],[165.01,1036.352],[165.02,725.983],[165.03,499.807],[165.04,604.394],[165.05,476.899],[165.06,713.433],[165.07,171.372],[165.08,290.246],[165.09,455.109],[165.1,1235.195]]},"raw":{}}
{"exchange":"binance","instance_id":"B","symbol":"SOL-USD","event_ts":1762205089.695,"seq":25731056161,"depth":{"last_seq":25731056161,"bids":[[164.9,44.789],[164.89,0.812],[164.88,134.338],[164.87,243.057],[164.86,459.868],[164.85,565.306],[164.84,1003.706],[164.83,677.001],[164.82,474.421],[164.81,531.025],[164.8,586.362],[164.79,763.378],[164.78,746.578],[164.77,1143.366],[164.76,502.248],[164.75,171.098],[164.74,438.617],[164.73,758.779],[164.72,354.998],[164.71,320.661]],"asks":[[164.91,235.73],[164.92,72.588],[164.93,41.499],[164.94,69.819],[164.95,211.843],[164.96,181.855],[164.97,450.462],[164.98,748.602],[164.99,270.649],[165.0,355.014],[165.01,1036.352],[165.02,725.983],[165.03,499.807],[165.04,604.394],[165.05,476.899],[165.06,713.433],[165.07,171.372],[165.08,280.446],[165.09,455.109],[165.1,1235.195]]},"raw":{}}
{"exchange":"binance","instance_id":"B","symbol":"SOL-USD","event_ts":1762205089.795,"seq":25731056180,"depth":{"last_seq":25731056180,"bids":[[164.9,44.789],[164.89,0.812],[164.88,85.513],[164.87,271.083],[164.86,395.196],[164.85,581.306],[164.84,1007.71],[164.83,661.001],[164.82,474.421],[164.81,531.025],[164.8,586.393],[164.79,763.378],[164.78,746.578],[164.77,1143.366],[164.76,502.248],[164.75,171.098],[164.74,438.617],[164.73,758.779],[164.72,354.998],[164.71,320.661]],"asks":[[164.91,240.005],[164.92,72.588],[164.93,41.499],[164.94,161.813],[164.95,211.843],[164.96,202.289],[164.97,450.462],[164.98,748.602],[164.99,270.649],[165.0,355.014],[165.01,1036.352],[165.02,725.983],[165.03,499.807],[165.04,604.394],[165.05,476.899],[165.06,713.433],[165.07,171.372],[165.08,280.446],[165.09,455.109],[165.1,1235.195]]},"raw":{}}
{"exchange":"binance","instance_id":"B","symbol":"SOL-USD","event_ts":1762205089.895,"seq":25731056189,"depth":{"last_seq":25731056189,"bids":[[164.9,44.789],[164.89,0.812],[164.88,110.611],[164.87,243.057],[164.86,395.196],[164.85,583.361],[164.84,1007.71],[164.83,661.001],[164.82,474.421],[164.81,531.025],[164.8,586.393],[164.79,763.378],[164.78,746.578],[164.77,1143.366],[164.76,502.248],[164.75,171.098],[164.74,438.617],[164.73,758.779],[164.72,354.998],[164.71,320.661]],"asks":[[164.91,240.005],[164.92,72.588],[164.93,65.441],[164.94,161.813],[164.95,231.406],[164.96,215.926],[164.97,436.825],[164.98,748.602],[164.99,270.649],[165.0,355.014],[165.01,1036.352],[165.02,725.983],[165.03,499.807],[165.04,368.618],[165.05,476.899],[165.06,713.433],[165.07,171.372],[165.08,280.446],[165.09,455.109],[165.1,1235.195]]},"raw":{}}
{"exchange":"binance","instance_id":"B","symbol":"SOL-USD","event_ts":1762205089.995,"seq":25731056195,"depth":{"last_seq":25731056195,"bids":[[164.9,44.789],[164.89,0.812],[164.88,110.611],[164.87,243.057],[164.86,395.196],[164.85,583.361],[164.84,1007.71],[164.83,661.001],[164.82,474.421],[164.81,531.025],[164.8,586.449],[164.79,763.378],[164.78,746.578],[164.77,1143.366],[164.76,502.248],[164.75,171.098],[164.74,438.617],[164.73,758.779],[164.72,354.998],[164.71,320.661]],"asks":[[164.91,240.005],[164.92,72.588],[164.93,65.441],[164.94,161.813],[164.95,231.406],[164.96,215.926],[164.97,436.825],[164.98,748.602],[164.99,294.52],[165.0,355.014],[165.01,1036.352],[165.02,725.983],[165.03,449.861],[165.04,368.618],[165.05,476.899],[165.06,713.433],[165.07,171.372],[165.08,280.446],[165.09,455.109],[165.1,1235.195]]},"raw":{}}
{"exchange":"binance","instance_id":"B","symbol":"SOL-USD","event_ts":1762205090.095,"seq":25731056246,"depth":{"last_seq":25731056246,"bids":[[164.9,122.808],[164.89,32.179],[164.88,133.813],[164.87,242.993],[164.86,395.196],[164.85,583.361],[164.84,1007.71],[164.83,661.001],[164.82,650.429],[164.81,1074.29],[164.8,586.449],[164.79,763.378],[164.78,746.578],[164.77,1143.366],[164.76,502.248],[164.75,171.098],[164.74,438.617],[164.73,758.779],[164.72,354.998],[164.71,320.661]],"asks":[[164.91,107.99],[164.92,12.005],[164.93,40.269],[164.94,136.577],[164.95,292.044],[164.96,154.564],[164.97,436.825],[164.98,748.602],[164.99,294.52],[165.0,355.014],[165.01,1275.758],[165.02,727.983],[165.03,449.861],[165.04,368.618],[165.05,476.899],[165.06,713.433],[165.07,171.372],[165.08,280.446],[165.09,455.109],[165.1,1235.195]]},"raw":{}}
{"exchange":"binance","instance_id":"B","symbol":"SOL-USD","event_ts":1762205090.195,"seq":25731056283,"depth":{"last_seq":25731056283,"bids":[[164.9,129.754],[164.89,119.959],[164.88,167.363],[164.87,242.993],[164.86,361.132],[164.85,583.361],[164.84,947.036],[164.83,663.001],[164.82,793.417],[164.81,1072.29],[164.8,586.449],[164.79,763.378],[164.78,746.578],[164.77,1143.366],[164.76,502.248],[164.75,171.098],[164.74,453.779],[164.73,758.779],[164.72,354.998],[164.71,320.661]],"asks":[[164.91,47.279],[164.92,62.876],[164.93,22.472],[164.94,98.573],[164.95,272.513],[164.96,188.628],[164.97,436.825],[164.98,747.086],[164.99,294.52],[165.0,479.702],[165.01,1275.758],[165.02,725.983],[165.03,451.861],[165.04,368.618],[165.05,476.899],[165.06,713.433],[165.07,171.372],[165.08,280.446],[165.09,455.109],[165.1,1235.195]]},"raw":{}}
{"exchange":"binance","instance_id":"B","symbol":"SOL-USD","event_ts":1762205090.295,"seq":25731056315,"depth":{"last_seq":25731056315,"bids":[[164.9,145.901],[164.89,121.12],[164.88,183.084],[164.87,242.993],[164.86,537.14],[164.85,583.361],[164.84,947.036],[164.83,716.926],[164.82,793.917],[164.81,1071.79],[164.8,586.449],[164.79,763.378],[164.78,746.578],[164.77,1143.366],[164.76,502.248],[164.75,171.098],[164.74,453.779],[164.73,758.779],[164.72,354.998],[164.71,320.661]],"asks":[[164.91,4.688],[164.92,2.26],[164.93,0.763],[164.94,159.214],[164.95,211.875],[164.96,188.628],[164.97,436.825],[164.98,807.713],[164.99,328.688],[165.0,479.702],[165.01,1275.683],[165.02,726.058],[165.03,451.861],[165.04,368.618],[165.05,460.899],[165.06,729.433],[165.07,171.372],[165.08,280.446],[165.09,455.109],[165.1,1235.195]]},"raw":{}}
{"exchange":"binance","instance_id":"B","symbol":"SOL-USD","event_ts":1762205090.395,"seq":25731056376,"depth":{"last_seq":25731056376,"bids":[[164.9,145.951],[164.89,180.165],[164.88,163.694],[164.87,294.085],[164.86,541.144],[164.85,581.306],[164.84,943.032],[164.83,716.926],[164.82,793.417],[164.81,1071.79],[164.8,586.449],[164.79,763.378],[164.78,812.496],[164.77,1143.366],[164.76,436.322],[164.75,171.098],[164.74,453.779],[164.73,758.779],[164.72,354.998],[164.71,320.661]],"asks":[[164.91,84.736],[164.92,1.836],[164.93,103.742],[164.94,67.515],[164.95,35.835],[164.96,185.596],[164.97,500.487],[164.98,747.086],[164.99,328.688],[165.0,479.702],[165.01,1276.061],[165.02,726.058],[165.03,451.861],[165.04,384.618],[165.05,460.899],[165.06,713.433],[165.07,171.372],[165.08,280.446],[165.09,455.109],[165.1,1235.492]]},"raw":{}}
{"exchange":"binance","instance_id":"B","symbol":"SOL-USD","event_ts":1762205090.495,"seq":25731056394,"depth":{"last_seq":25731056394,"bids":[[164.9,145.951],[164.89,205.851],[164.88,163.694],[164.87,294.085],[164.86,541.144],[164.85,644.03],[164.84,943.032],[164.83,716.926],[164.82,793.417],[164.81,1071.79],[164.8,586.449],[164.79,815.093],[164.78,812.496],[164.77,1143.366],[164.76,436.322],[164.75,171.098],[164.74,453.779],[164.73,758.779],[164.72,354.998],[164.71,320.661]],"asks":[[164.91,84.736],[164.92,5.84],[164.93,43.099],[164.94,42.343],[164.95,45.501],[164.96,185.596],[164.97,439.857],[164.98,747.086],[164.99,328.688],[165.0,479.702],[165.01,1275.683],[165.02,726.058],[165.03,451.861],[165.04,384.618],[165.05,460.899],[165.06,713.433],[165.07,171.372],[165.08,280.446],[165.09,455.109],[165.1,1235.492]]},"raw":{}}
{"exchange":"binance","instance_id":"B","symbol":"SOL-USD","event_ts":1762205090.595,"seq":25731056402,"depth":{"last_seq":25731056402,"bids":[[164.9,151.862],[164.89,205.851],[164.88,165.404],[164.87,294.085],[164.86,541.144],[164.85,644.03],[164.84,943.032],[164.83,716.926],[164.82,793.417],[164.81,1071.79],[164.8,586.449],[164.79,815.093],[164.78,812.496],[164.77,1143.366],[164.76,436.322],[164.75,171.098],[164.74,453.779],[164.73,758.779],[164.72,354.998],[164.71,320.661]],"asks":[[164.91,84.736],[164.92,5.84],[164.93,43.099],[164.94,42.343],[164.95,65.045],[164.96,185.596],[164.97,439.857],[164.98,747.086],[164.99,294.52],[165.0,480.08],[165.01,1275.683],[165.02,726.058],[165.03,451.861],[165.04,384.618],[165.05,460.899],[165.06,713.433],[165.07,171.372],[165.08,280.446],[165.09,455.109],[165.1,1235.492]]},"raw":{}}
{"exchange":"binance","instance_id":"B","symbol":"SOL-USD","event_ts":1762205090.695,"seq":25731056404,"depth":{"last_seq":25731056404,"bids":[[164.9,151.862],[164.89,205.851],[164.88,165.404],[164.87,294.085],[164.86,541.144],[164.85,644.03],[164.84,943.032],[164.83,716.926],[164.82,793.417],[164.81,1071.79],[164.8,586.449],[164.79,815.093],[164.78,812.496],[164.77,1143.366],[164.76,436.322],[164.75,171.098],[164.74,453.779],[164.73,758.779],[164.72,354.998],[164.71,320.661]],"asks":[[164.91,84.87],[164.92,5.84],[164.93,43.099],[164.94,53.568],[164.95,65.045],[164.96,185.596],[164.97,439.857],[164.98,747.086],[164.99,294.52],[165.0,480.08],[165.01,1275.683],[165.02,726.058],[165.03,451.861],[165.04,384.618],[165.05,460.899],[165.06,713.433],[165.07,171.372],[165.08,280.446],[165.09,455.109],[165.1,1235.492]]},"raw":{}}
{"exchange":"binance","instance_id":"B","symbol":"SOL-USD","event_ts":1762205090.795,"seq":25731056407,"depth":{"last_seq":25731056407,"bids":[[164.9,151.862],[164.89,205.851],[164.88,165.404],[164.87,294.085],[164.86,541.144],[164.85,644.03],[164.84,943.032],[164.83,716.926],[164.82,793.417],[164.81,1071.79],[164.8,586.449],[164.79,815.093],[164.78,812.496],[164.77,1143.366],[164.76,436.322],[164.75,171.098],[164.74,453.779],[164.73,758.779],[164.72,354.998],[164.71,320.661]],"asks":[[164.91,84.87],[164.92,5.809],[164.93,55.738],[164.94,53.599],[164.95,65.045],[164.96,185.596],[164.97,439.857],[164.98,747.086],[164.99,294.52],[165.0,480.08],[165.01,1275.683],[165.02,726.058],[165.03,451.861],[165.04,384.618],[165.05,460.899],[165.06,713.433],[165.07,171.372],[165.08,280.446],[165.09,455.109],[165.1,1235.492]]},"raw":{}}
{"exchange":"binance","instance_id":"B","symbol":"SOL-USD","event_ts":1762205090.895,"seq":25731056454,"depth":{"last_seq":25731056454,"bids":[[164.9,51.2],[164.89,88.11],[164.88,165.982],[164.87,294.085],[164.86,541.144],[164.85,583.361],[164.84,943.032],[164.83,714.926],[164.82,856.097],[164.81,1072.79],[164.8,586.449],[164.79,815.093],[164.78,812.496],[164.77,1143.366],[164.76,436.322],[164.75,171.098],[164.74,453.779],[164.73,758.779],[164.72,354.998],[164.71,320.661]],"asks":[[164.91,263.143],[164.92,16.113],[164.93,57.314],[164.94,51.835],[164.95,125.68],[164.96,185.596],[164.97,439.857],[164.98,747.086],[164.99,294.52],[165.0,480.08],[165.01,1277.683],[165.02,726.058],[165.03,449.861],[165.04,384.618],[165.05,460.899],[165.06,713.433],[165.07,171.372],[165.08,280.446],[165.09,455.109],[165.1,1235.492]]},"raw":{}}
{"exchange":"binance","instance_id":"B","symbol":"SOL-USD","event_ts":1762205090.995,"seq":25731056490,"depth":{"last_seq":25731056490,"bids":[[164.9,66.608],[164.89,36.435],[164.88,131.404],[164.87,328.149],[164.86,365.136],[164.85,581.306],[164.84,943.063],[164.83,714.926],[164.82,856.097],[164.81,1072.988],[164.8,586.449],[164.79,815.093],[164.78,812.496],[164.77,1143.366],[164.76,436.322],[164.75,171.098],[164.74,438.617],[164.73,758.779],[164.72,354.998],[164.71,320.661]],"asks":[[164.91,237.435],[164.92,16.491],[164.93,57.616],[164.94,68.5],[164.95,301.688],[164.96,185.596],[164.97,439.857],[164.98,748.602],[164.99,294.52],[165.0,479.702],[165.01,1277.683],[165.02,726.058],[165.03,449.861],[165.04,384.618],[165.05,460.899],[165.06,713.433],[165.07,171.372],[165.08,280.446],[165.09,455.109],[165.1,1235.492]]},"raw":{}}
{"exchange":"binance","instance_id":"B","symbol":"SOL-USD","event_ts":1762205091.095,"seq":25731056522,"depth":{"last_seq":25731056522,"bids":[[164.9,40.354],[164.89,21.97],[164.88,114.489],[164.87,277.121],[164.86,425.835],[164.85,581.306],[164.84,943.063],[164.83,714.926],[164.82,854.097],[164.81,1074.988],[164.8,586.449],[164.79,815.093],[164.78,812.527],[164.77,1143.366],[164.76,436.322],[164.75,171.098],[164.74,438.617],[164.73,758.779],[164.72,354.998],[164.71,320.661]],"asks":[[164.91,305.095],[164.92,16.427],[164.93,118.259],[164.94,118.908],[164.95,241.053],[164.96,187.651],[164.97,439.857],[164.98,748.636],[164.99,294.52],[165.0,479.702],[165.01,1277.683],[165.02,726.058],[165.03,449.861],[165.04,384.618],[165.05,460.899],[165.06,713.433],[165.07,171.372],[165.08,280.446],[165.09,455.109],[165.1,1235.492]]},"raw":{}}
{"exchange":"binance","instance_id":"B","symbol":"SOL-USD","event_ts":1762205091.195,"seq":25731056536,"depth":{"last_seq":25731056536,"bids":[[164.9,37.344],[164.89,39.743],[164.88,117.489],[164.87,277.121],[164.86,425.835],[164.85,583.361],[164.84,943.063],[164.83,714.926],[164.82,854.097],[164.81,1074.988],[164.8,586.449],[164.79,815.093],[164.78,812.527],[164.77,1143.366],[164.76,436.322],[164.75,171.098],[164.74,438.617],[164.73,758.779],[164.72,354.998],[164.71,320.661]],"asks":[[164.91,305.095],[164.92,36.333],[164.93,136.148],[164.94,152.972],[164.95,221.509],[164.96,153.587],[164.97,439.857],[164.98,748.636],[164.99,299.716],[165.0,479.702],[165.01,1277.683],[165.02,726.058],[165.03,449.861],[165.04,384.618],[165.05,460.899],[165.06,713.433],[165.07,171.372],[165.08,280.446],[165.09,455.109],[165.1,1235.492]]},"raw":{}}
{"exchange":"binance","instance_id":"B","symbol":"SOL-USD","event_ts":1762205091.295,"seq":25731056547,"depth":{"last_seq":25731056547,"bids":[[164.9,37.344],[164.89,39.743],[164.88,117.489],[164.87,337.785],[164.86,421.831],[164.85,583.361],[164.84,947.066],[164.83,714.926],[164.82,793.417],[164.81,1074.988],[164.8,586.449],[164.79,815.093],[164.78,812.527],[164.77,1143.366],[164.76,436.322],[164.75,171.098],[164.74,438.617],[164.73,758.779],[164.72,354.998],[164.71,320.661]],"asks":[[164.91,309.37],[164.92,36.333],[164.93,136.148],[164.94,133.864],[164.95,221.509],[164.96,153.587],[164.97,439.857],[164.98,748.636],[164.99,299.716],[165.0,479.702],[165.01,1277.683],[165.02,726.058],[165.03,449.861],[165.04,384.618],[165.05,460.899],[165.06,713.433],[165.07,171.372],[165.08,280.446],[165.09,455.109],[165.1,1252.532]]},"raw":{}}
{"exchange":"binance","instance_id":"B","symbol":"SOL-USD","event_ts":1762205091.395,"seq":25731056550,"depth":{"last_seq":25731056550,"bids":[[164.9,37.344],[164.89,21.97],[164.88,117.489],[164.87,337.785],[164.86,421.831],[164.85,583.361],[164.84,947.066],[164.83,714.926],[164.82,793.417],[164.81,1074.988],[164.8,586.449],[164.79,815.093],[164.78,812.527],[164.77,1143.366],[164.76,436.322],[164.75,171.098],[164.74,438.617],[164.73,758.779],[164.72,354.998],[164.71,320.661]],"asks":[[164.91,309.37],[164.92,36.333],[164.93,136.148],[164.94,133.864],[164.95,221.54],[164.96,153.587],[164.97,439.857],[164.98,748.636],[164.99,299.716],[165.0,479.702],[165.01,1277.683],[165.02,726.058],[165.03,449.861],[165.04,384.618],[165.05,460.899],[165.06,713.433],[165.07,171.372],[165.08,280.446],[165.09,455.109],[165.1,1252.532]]},"raw":{}}
{"exchange":"binance","instance_id":"B","symbol":"SOL-USD","event_ts":1762205091.495,"seq":25731056561,"depth":{"last_seq":25731056561,"bids":[[164.9,86.71],[164.89,21.97],[164.88,117.489],[164.87,337.721],[164.86,421.831],[164.85,583.361],[164.84,947.066],[164.83,714.926],[164.82,793.417],[164.81,1074.988],[164.8,590.089],[164.79,815.093],[164.78,812.527],[164.77,1143.366],[164.76,436.322],[164.75,171.098],[164.74,438.617],[164.73,758.779],[164.72,354.998],[164.71,320.661]],"asks":[[164.91,309.37],[164.92,36.397],[164.93,93.023],[164.94,133.864],[164.95,221.54],[164.96,153.587],[164.97,439.857],[164.98,748.636],[164.99,299.716],[165.0,479.702],[165.01,1277.683],[165.02,726.058],[165.03,449.861],[165.04,384.618],[165.05,460.899],[165.06,713.433],[165.07,171.372],[165.08,280.446],[165.09,455.109],[165.1,1252.532]]},"raw":{}}
{"exchange":"binance","instance_id":"B","symbol":"SOL-USD","event_ts":1762205091.595,"seq":25731056565,"depth":{"last_seq":25731056565,"bids":[[164.9,37.03],[164.89,21.97],[164.88,143.577],[164.87,337.721],[164.86,421.831],[164.85,583.361],[164.84,947.066],[164.83,714.926],[164.82,793.417],[164.81,1074.988],[164.8,590.089],[164.79,815.093],[164.78,812.527],[164.77,1143.366],[164.76,436.322],[164.75,171.098],[164.74,438.617],[164.73,758.779],[164.72,354.998],[164.71,320.661]],"asks":[[164.91,309.37],[164.92,23.96],[164.93,93.023],[164.94,133.864],[164.95,221.54],[164.96,153.587],[164.97,439.857],[164.98,748.636],[164.99,299.716],[165.0,479.702],[165.01,1277.683],[165.02,726.058],[165.03,449.861],[165.04,384.618],[165.05,460.899],[165.06,713.433],[165.07,171.372],[165.08,280.446],[165.09,455.109],[165.1,1252.532]]},"raw":{}}
{"exchange":"binance","instance_id":"B","symbol":"SOL-USD","event_ts":1762205091.695,"seq":25731056570,"depth":{"last_seq":25731056570,"bids":[[164.9,37.32],[164.89,39.743],[164.88,143.577],[164.87,337.721],[164.86,421.831],[164.85,581.306],[164.84,947.066],[164.83,714.926],[164.82,793.417],[164.81,1074.988],[164.8,590.089],[164.79,815.093],[164.78,812.527],[164.77,1143.366],[164.76,436.322],[164.75,171.098],[164.74,438.617],[164.73,758.779],[164.72,354.998],[164.71,320.661]],"asks":[[164.91,309.37],[164.92,23.96],[164.93,101.058],[164.94,133.864],[164.95,221.54],[164.96,153.587],[164.97,439.857],[164.98,748.636],[164.99,299.716],[165.0,479.702],[165.01,1277.683],[165.02,726.058],[165.03,449.861],[165.04,384.618],[165.05,460.899],[165.06,713.433],[165.07,171.372],[165.08,280.446],[165.09,455.109],[165.1,1252.532]]},"raw":{}}
{"exchange":"binance","instance_id":"B","symbol":"SOL-USD","event_ts":1762205091.795,"seq":25731056575,"depth":{"last_seq":25731056575,"bids":[[164.9,37.32],[164.89,39.743],[164.88,143.577],[164.87,337.721],[164.86,421.831],[164.85,583.361],[164.84,947.066],[164.83,714.926],[164.82,793.417],[164.81,1074.988],[164.8,590.089],[164.79,815.093],[164.78,812.527],[164.77,1143.366],[164.76,436.322],[164.75,171.098],[164.74,438.617],[164.73,758.779],[164.72,354.998],[164.71,320.661]],"asks":[[164.91,309.37],[164.92,6.187],[164.93,101.058],[164.94,133.864],[164.95,221.54],[164.96,153.587],[164.97,439.857],[164.98,748.636],[164.99,299.716],[165.0,479.702],[165.01,1277.683],[165.02,726.058],[165.03,449.861],[165.04,384.618],[165.05,460.899],[165.06,713.433],[165.07,171.372],[165.08,280.446],[165.09,455.109],[165.1,1252.532]]},"raw":{}}
{"exchange":"binance","instance_id":"B","symbol":"SOL-USD","event_ts":1762205091.895,"seq":25731056598,"depth":{"last_seq":25731056598,"bids":[[164.9,103.649],[164.89,39.711],[164.88,204.172],[164.87,277.057],[164.86,421.831],[164.85,583.361],[164.84,947.066],[164.83,714.926],[164.82,793.417],[164.81,1074.988],[164.8,590.089],[164.79,815.093],[164.78,812.527],[164.77,1143.366],[164.76,436.322],[164.75,171.098],[164.74,438.617],[164.73,758.779],[164.72,354.998],[164.71,320.661]],"asks":[[164.91,147.088],[164.92,6.187],[164.93,101.122],[164.94,133.864],[164.95,221.54],[164.96,153.587],[164.97,439.857],[164.98,748.636],[164.99,299.716],[165.0,479.702],[165.01,1275.683],[165.02,728.058],[165.03,449.861],[165.04,384.618],[165.05,460.899],[165.06,713.433],[165.07,171.372],[165.08,280.446],[165.09,455.109],[165.1,1252.532]]},"raw":{}}
{"exchange":"binance","instance_id":"B","symbol":"SOL-USD","event_ts":1762205091.995,"seq":25731056649,"depth":{"last_seq":25731056649,"bids":[[164.9,145.181],[164.89,240.339],[164.88,116.911],[164.87,242.993],[164.86,597.839],[164.85,583.361],[164.84,949.066],[164.83,714.926],[164.82,793.948],[164.81,1072.488],[164.8,590.089],[164.79,815.093],[164.78,812.527],[164.77,1143.366],[164.76,436.322],[164.75,186.26],[164.74,438.617],[164.73,758.779],[164.72,354.998],[164.71,320.661]],"asks":[[164.91,0.71],[164.92,6.187],[164.93,38.839],[164.94,99.864],[164.95,221.572],[164.96,248.286],[164.97,439.857],[164.98,747.12],[164.99,299.716],[165.0,479.702],[165.01,1275.683],[165.02,726.058],[165.03,451.861],[165.04,384.618],[165.05,460.899],[165.06,713.433],[165.07,171.372],[165.08,280.446],[165.09,455.109],[165.1,1252.532]]},"raw":{}}
{"exchange":"binance","instance_id":"B","symbol":"SOL-USD","event_ts":1762205092.095,"seq":25731056661,"depth":{"last_seq":25731056661,"bids":[[164.9,145.181],[164.89,221.663],[164.88,116.911],[164.87,312.203],[164.86,597.839],[164.85,583.361],[164.84,949.066],[164.83,714.926],[164.82,793.948],[164.81,1072.488],[164.8,590.089],[164.79,815.093],[164.78,812.527],[164.77,1143.366],[164.76,436.322],[164.75,186.26],[164.74,438.617],[164.73,758.779],[164.72,354.998],[164.71,320.661]],"asks":[[164.91,0.71],[164.92,6.187],[164.93,30.804],[164.94,99.864],[164.95,241.423],[164.96,214.222],[164.97,473.921],[164.98,747.12],[164.99,299.716],[165.0,479.702],[165.01,1275.683],[165.02,726.058],[165.03,451.861],[165.04,384.618],[165.05,460.899],[165.06,713.433],[165.07,171.372],[165.08,280.446],[165.09,455.109],[165.1,1252.532]]},"raw":{}}
{"exchange":"binance","instance_id":"B","symbol":"SOL-USD","event_ts":1762205092.195,"seq":25731056709,"depth":{"last_seq":25731056709,"bids":[[164.9,137.721],[164.89,217.078],[164.88,135.382],[164.87,281.64],[164.86,601.842],[164.85,583.361],[164.84,945.063],[164.83,714.926],[164.82,793.948],[164.81,1072.488],[164.8,590.089],[164.79,815.093],[164.78,812.527],[164.77,1143.366],[164.76,436.322],[164.75,186.26],[164.74,438.617],[164.73,758.779],[164.72,354.998],[164.71,320.661]],"asks":[[164.91,84.522],[164.92,6.126],[164.93,30.804],[164.94,101.54],[164.95,241.391],[164.96,214.222],[164.97,473.921],[164.98,747.12],[164.99,299.716],[165.0,479.702],[165.01,1275.683],[165.02,726.058],[165.03,451.861],[165.04,384.618],[165.05,460.899],[165.06,713.433],[165.07,171.372],[165.08,280.446],[165.09,455.109],[165.1,1252.532]]},"raw":{}}
{"exchange":"binance","instance_id":"B","symbol":"SOL-USD","event_ts":1762205092.295,"seq":25731056755,"depth":{"last_seq":25731056755,"bids":[[164.9,87.0],[164.89,162.655],[164.88,135.446],[164.87,281.64],[164.86,601.842],[164.85,581.306],[164.84,943.063],[164.83,716.926],[164.82,793.948],[164.81,1072.488],[164.8,590.089],[164.79,815.093],[164.78,812.527],[164.77,1143.366],[164.76,436.322],[164.75,186.26],[164.74,438.617],[164.73,758.779],[164.72,354.998],[164.71,320.661]],"asks":[[164.91,283.276],[164.92,66.773],[164.93,32.47],[164.94,99.8],[164.95,241.391],[164.96,153.587],[164.97,473.921],[164.98,747.12],[164.99,294.52],[165.0,479.702],[165.01,1275.683],[165.02,726.058],[165.03,451.861],[165.04,384.618],[165.05,460.899],[165.06,713.433],[165.07,171.372],[165.08,280.446],[165.09,455.109],[165.1,1252.532]]},"raw":{}}
{"exchange":"binance","instance_id":"B","symbol":"SOL-USD","event_ts":1762205092.395,"seq":25731056797,"depth":{"last_seq":25731056797,"bids":[[164.9,37.32],[164.89,56.002],[164.88,69.125],[164.87,281.704],[164.86,365.169],[164.85,641.978],[164.84,943.063],[164.83,775.602],[164.82,795.948],[164.81,1072.488],[164.8,590.089],[164.79,815.093],[164.78,812.527],[164.77,1143.366],[164.76,436.322],[164.75,186.26],[164.74,438.617],[164.73,758.779],[164.72,354.998],[164.71,320.661]],"asks":[[164.91,335.166],[164.92,68.225],[164.93,32.47],[164.94,99.8],[164.95,221.54],[164.96,153.587],[164.97,473.921],[164.98,748.636],[164.99,294.52],[165.0,479.702],[165.01,1277.683],[165.02,726.058],[165.03,449.861],[165.04,384.618],[165.05,460.899],[165.06,713.433],[165.07,171.372],[165.08,280.446],[165.09,455.109],[165.1,1252.532]]},"raw":{}}
{"exchange":"binance","instance_id":"B","symbol":"SOL-USD","event_ts":1762205092.495,"seq":25731056807,"depth":{"last_seq":25731056807,"bids":[[164.9,37.32],[164.89,56.002],[164.88,69.125],[164.87,243.057],[164.86,365.169],[164.85,641.978],[164.84,943.063],[164.83,775.602],[164.82,793.948],[164.81,1074.488],[164.8,590.089],[164.79,815.093],[164.78,812.527],[164.77,1143.366],[164.76,436.322],[164.75,186.26],[164.74,438.617],[164.73,758.779],[164.72,354.998],[164.71,320.661]],"asks":[[164.91,310.166],[164.92,68.225],[164.93,32.47],[164.94,99.8],[164.95,255.604],[164.96,153.587],[164.97,439.857],[164.98,748.636],[164.99,294.52],[165.0,479.702],[165.01,1277.683],[165.02,726.058],[165.03,449.861],[165.04,389.144],[165.05,460.899],[165.06,713.433],[165.07,171.372],[165.08,280.446],[165.09,455.109],[165.1,1252.532]]},"raw":{}}
{"exchange":"binance","instance_id":"B","symbol":"SOL-USD","event_ts":1762205092.595,"seq":25731056820,"depth":{"last_seq":25731056820,"bids":[[164.9,37.32],[164.89,56.002],[164.88,118.503],[164.87,243.057],[164.86,368.04],[164.85,617.978],[164.84,967.063],[164.83,775.602],[164.82,793.948],[164.81,1074.488],[164.8,590.089],[164.79,815.093],[164.78,812.527],[164.77,1143.366],[164.76,436.322],[164.75,186.26],[164.74,438.617],[164.73,758.779],[164.72,354.998],[164.71,320.661]],"asks":[[164.91,335.166],[164.92,68.225],[164.93,32.47],[164.94,99.8],[164.95,255.604],[164.96,153.587],[164.97,439.857],[164.98,748.636],[164.99,294.52],[165.0,479.702],[165.01,1277.683],[165.02,726.058],[165.03,449.861],[165.04,389.144],[165.05,460.899],[165.06,713.433],[165.07,171.372],[165.08,280.446],[165.09,455.109],[165.1,1252.532]]},"raw":{}}
{"exchange":"binance","instance_id":"B","symbol":"SOL-USD","event_ts":1762205092.695,"seq":25731056842,"depth":{"last_seq":25731056842,"bids":[[164.9,36.147],[164.89,21.938],[164.88,118.503],[164.87,277.121],[164.86,428.707],[164.85,557.306],[164.84,967.063],[164.83,775.602],[164.82,793.948],[164.81,1074.488],[164.8,590.089],[164.79,815.093],[164.78,812.527],[164.77,1143.366],[164.76,436.322],[164.75,186.26],[164.74,438.617],[164.73,758.779],[164.72,354.998],[164.71,320.661]],"asks":[[164.91,339.224],[164.92,68.225],[164.93,32.47],[164.94,99.8],[164.95,255.604],[164.96,153.587],[164.97,439.857],[164.98,748.636],[164.99,294.52],[165.0,479.702],[165.01,1277.683],[165.02,726.058],[165.03,449.861],[165.04,389.144],[165.05,460.899],[165.06,713.433],[165.07,171.372],[165.08,280.446],[165.09,455.109],[165.1,1252.532]]},"raw":{}}
{"exchange":"binance","instance_id":"B","symbol":"SOL-USD","event_ts":1762205092.795,"seq":25731056850,"depth":{"last_seq":25731056850,"bids":[[164.9,35.857],[164.89,21.938],[164.88,118.503],[164.87,277.121],[164.86,368.04],[164.85,557.306],[164.84,967.063],[164.83,775.602],[164.82,793.948],[164.81,1074.488],[164.8,590.089],[164.79,815.093],[164.78,812.527],[164.77,1143.366],[164.76,436.322],[164.75,186.26],[164.74,438.617],[164.73,758.779],[164.72,354.998],[164.71,320.661]],"asks":[[164.91,307.214],[164.92,68.225],[164.93,32.47],[164.94,99.8],[164.95,255.604],[164.96,151.532],[164.97,439.857],[164.98,748.636],[164.99,294.52],[165.0,479.702],[165.01,1277.683],[165.02,726.058],[165.03,449.861],[165.04,389.144],[165.05,460.899],[165.06,713.433],[165.07,171.372],[165.08,280.446],[165.09,455.109],[165.1,1252.532]]},"raw":{}}
{"exchange":"binance","instance_id":"B","symbol":"SOL-USD","event_ts":1762205092.895,"seq":25731056861,"depth":{"last_seq":25731056861,"bids":[[164.9,85.793],[164.89,21.938],[164.88,118.503],[164.87,277.057],[164.86,368.04],[164.85,557.306],[164.84,967.063],[164.83,775.602],[164.82,793.948],[164.81,1074.488],[164.8,590.089],[164.79,815.093],[164.78,812.527],[164.77,1143.366],[164.76,436.322],[164.75,186.26],[164.74,438.617],[164.73,758.779],[164.72,354.998],[164.71,320.661]],"asks":[[164.91,314.224],[164.92,68.289],[164.93,32.47],[164.94,99.8],[164.95,255.604],[164.96,153.587],[164.97,457.72],[164.98,748.636],[164.99,294.52],[165.0,479.702],[165.01,1277.683],[165.02,726.058],[165.03,449.861],[165.04,389.144],[165.05,460.899],[165.06,713.433],[165.07,171.372],[165.08,280.446],[165.09,455.109],[165.1,1252.532]]},"raw":{}}
{"exchange":"binance","instance_id":"B","symbol":"SOL-USD","event_ts":1762205092.995,"seq":25731056889,"depth":{"last_seq":25731056889,"bids":[[164.9,36.113],[164.89,21.938],[164.88,116.793],[164.87,277.121],[164.86,368.04],[164.85,551.306],[164.84,973.063],[164.83,775.602],[164.82,793.948],[164.81,1074.488],[164.8,590.089],[164.79,815.093],[164.78,630.589],[164.77,1086.56],[164.76,436.322],[164.75,186.26],[164.74,438.617],[164.73,758.779],[164.72,354.998],[164.71,320.661]],"asks":[[164.91,341.318],[164.92,68.225],[164.93,32.47],[164.94,99.8],[164.95,255.604],[164.96,151.532],[164.97,457.72],[164.98,748.636],[164.99,294.52],[165.0,479.702],[165.01,1036.277],[165.02,726.058],[165.03,463.861],[165.04,389.144],[165.05,446.899],[165.06,713.433],[165.07,171.372],[165.08,280.446],[165.09,455.109],[165.1,1252.532]]},"raw":{}}
{"exchange":"binance","instance_id":"B","symbol":"SOL-USD","event_ts":1762205093.095,"seq":25731056891,"depth":{"last_seq":25731056891,"bids":[[164.9,36.113],[164.89,21.938],[164.88,116.793],[164.87,277.121],[164.86,368.04],[164.85,551.306],[164.84,973.063],[164.83,775.602],[164.82,793.948],[164.81,1074.488],[164.8,590.089],[164.79,815.093],[164.78,630.589],[164.77,1086.56],[164.76,436.322],[164.75,186.26],[164.74,438.617],[164.73,758.779],[164.72,354.998],[164.71,320.661]],"asks":[[164.91,341.318],[164.92,68.225],[164.93,32.47],[164.94,99.8],[164.95,255.604],[164.96,153.587],[164.97,457.72],[164.98,748.636],[164.99,294.52],[165.0,479.702],[165.01,1036.277],[165.02,726.058],[165.03,463.861],[165.04,389.144],[165.05,446.899],[165.06,713.433],[165.07,171.372],[165.08,280.446],[165.09,455.109],[165.1,1252.532]]},"raw":{}}
{"exchange":"binance","instance_id":"B","symbol":"SOL-USD","event_ts":1762205093.195,"seq":25731056896,"depth":{"last_seq":25731056896,"bids":[[164.9,36.113],[164.89,21.938],[164.88,116.793],[164.87,278.902],[164.86,368.04],[164.85,551.306],[164.84,973.063],[164.83,775.602],[164.82,793.948],[164.81,1074.488],[164.8,590.089],[164.79,815.093],[164.78,630.589],[164.77,1086.56],[164.76,436.322],[164.75,186.26],[164.74,682.654],[164.73,758.779],[164.72,354.998],[164.71,320.661]],"asks":[[164.91,341.318],[164.92,68.225],[164.93,32.47],[164.94,99.8],[164.95,255.604],[164.96,153.587],[164.97,457.72],[164.98,748.636],[164.99,294.52],[165.0,720.185],[165.01,1036.277],[165.02,726.058],[165.03,463.861],[165.04,389.144],[165.05,446.899],[165.06,713.433],[165.07,171.372],[165.08,280.446],[165.09,455.109],[165.1,1252.532]]},"raw":{}}
{"exchange":"binance","instance_id":"B","symbol":"SOL-USD","event_ts":1762205093.295,"seq":25731056915,"depth":{"last_seq":25731056915,"bids":[[164.9,6.852],[164.89,0.844],[164.88,116.279],[164.87,279.416],[164.86,368.072],[164.85,551.306],[164.84,973.063],[164.83,775.602],[164.82,793.948],[164.81,1074.488],[164.8,590.089],[164.79,815.093],[164.78,630.589],[164.77,1086.591],[164.76,436.322],[164.75,252.72],[164.74,682.654],[164.73,758.779],[164.72,354.998],[164.71,320.661]],"asks":[[164.91,341.254],[164.92,68.225],[164.93,57.78],[164.94,99.8],[164.95,255.604],[164.96,153.587],[164.97,439.857],[164.98,748.636],[164.99,363.252],[165.0,720.185],[165.01,1036.277],[165.02,726.058],[165.03,463.861],[165.04,389.144],[165.05,446.899],[165.06,713.433],[165.07,171.372],[165.08,280.446],[165.09,455.109],[165.1,1252.532]]},"raw":{}}
{"exchange":"binance","instance_id":"B","symbol":"SOL-USD","event_ts":1762205093.395,"seq":25731056930,"depth":{"last_seq":25731056930,"bids":[[164.9,27.702],[164.89,24.793],[164.88,116.793],[164.87,278.902],[164.86,368.04],[164.85,551.306],[164.84,973.063],[164.83,775.602],[164.82,793.948],[164.81,1074.488],[164.8,590.089],[164.79,815.093],[164.78,630.589],[164.77,1086.591],[164.76,436.322],[164.75,237.558],[164.74,682.654],[164.73,758.779],[164.72,354.998],[164.71,320.661]],"asks":[[164.91,341.286],[164.92,81.7],[164.93,32.47],[164.94,99.8],[164.95,255.604],[164.96,153.587],[164.97,440.162],[164.98,748.636],[164.99,368.448],[165.0,720.185],[165.01,1102.103],[165.02,726.058],[165.03,398.043],[165.04,389.144],[165.05,446.899],[165.06,713.433],[165.07,171.372],[165.08,280.446],[165.09,455.109],[165.1,1252.532]]},"raw":{}}
{"exchange":"binance","instance_id":"B","symbol":"SOL-USD","event_ts":1762205093.495,"seq":25731056940,"depth":{"last_seq":25731056940,"bids":[[164.9,27.702],[164.89,24.793],[164.88,116.793],[164.87,278.838],[164.86,368.04],[164.85,551.306],[164.84,973.063],[164.83,775.602],[164.82,793.948],[164.81,1074.488],[164.8,590.089],[164.79,815.093],[164.78,630.589],[164.77,1086.591],[164.76,436.322],[164.75,237.558],[164.74,682.654],[164.73,758.779],[164.72,354.998],[164.71,320.661]],"asks":[[164.91,341.318],[164.92,68.289],[164.93,32.47],[164.94,99.8],[164.95,255.604],[164.96,153.587],[164.97,440.162],[164.98,748.636],[164.99,368.448],[165.0,720.185],[165.01,1102.103],[165.02,726.058],[165.03,398.043],[165.04,389.144],[165.05,446.899],[165.06,713.433],[165.07,171.372],[165.08,280.446],[165.09,455.109],[165.1,1252.532]]},"raw":{}}
{"exchange":"binance","instance_id":"B","symbol":"SOL-USD","event_ts":1762205093.595,"seq":25731056960,"depth":{"last_seq":25731056960,"bids":[[164.9,154.398],[164.89,42.534],[164.88,125.138],[164.87,339.5],[164.86,368.04],[164.85,551.306],[164.84,973.063],[164.83,714.926],[164.82,793.948],[164.81,1074.488],[164.8,590.089],[164.79,815.093],[164.78,630.589],[164.77,1086.591],[164.76,436.322],[164.75,237.558],[164.74,682.654],[164.73,758.779],[164.72,354.998],[164.71,320.661]],"asks":[[164.91,312.043],[164.92,68.289],[164.93,32.534],[164.94,99.8],[164.95,255.604],[164.96,153.587],[164.97,440.162],[164.98,748.636],[164.99,368.448],[165.0,720.185],[165.01,1102.103],[165.02,726.058],[165.03,398.043],[165.04,389.144],[165.05,446.899],[165.06,713.433],[165.07,171.372],[165.08,280.446],[165.09,455.109],[165.1,1252.532]]},"raw":{}}
{"exchange":"binance","instance_id":"B","symbol":"SOL-USD","event_ts":1762205093.695,"seq":25731056985,"depth":{"last_seq":25731056985,"bids":[[164.9,6.82],[164.89,24.761],[164.88,125.202],[164.87,278.902],[164.86,368.04],[164.85,551.306],[164.84,1033.735],[164.83,714.926],[164.82,793.948],[164.81,1074.488],[164.8,590.089],[164.79,815.093],[164.78,630.589],[164.77,1086.591],[164.76,436.322],[164.75,237.558],[164.74,682.654],[164.73,758.779],[164.72,354.998],[164.71,320.661]],"asks":[[164.91,316.318],[164.92,68.225],[164.93,32.47],[164.94,99.8],[164.95,255.604],[164.96,153.587],[164.97,440.162],[164.98,748.636],[164.99,368.448],[165.0,720.185],[165.01,1102.103],[165.02,726.058],[165.03,398.043],[165.04,389.144],[165.05,446.899],[165.06,713.433],[165.07,171.372],[165.08,280.446],[165.09,455.109],[165.1,1252.532]]},"raw":{}}
{"exchange":"binance","instance_id":"B","symbol":"SOL-USD","event_ts":1762205093.795,"seq":25731056997,"depth":{"last_seq":25731056997,"bids":[[164.9,92.397],[164.89,24.761],[164.88,125.202],[164.87,278.838],[164.86,368.554],[164.85,553.361],[164.84,1033.735],[164.83,714.926],[164.82,793.948],[164.81,1074.488],[164.8,590.089],[164.79,815.093],[164.78,630.589],[164.77,1086.591],[164.76,436.322],[164.75,237.558],[164.74,682.654],[164.73,758.779],[164.72,354.998],[164.71,320.661]],"asks":[[164.91,316.318],[164.92,68.289],[164.93,32.47],[164.94,99.8],[164.95,255.604],[164.96,153.587],[164.97,440.162],[164.98,748.636],[164.99,368.448],[165.0,720.185],[165.01,1102.103],[165.02,726.058],[165.03,398.043],[165.04,389.144],[165.05,446.899],[165.06,713.433],[165.07,171.372],[165.08,280.446],[165.09,455.109],[165.1,1252.532]]},"raw":{}}
{"exchange":"binance","instance_id":"B","symbol":"SOL-USD","event_ts":1762205093.895,"seq":25731057007,"depth":{"last_seq":25731057007,"bids":[[164.9,152.329],[164.89,42.534],[164.88,125.138],[164.87,339.5],[164.86,368.554],[164.85,553.361],[164.84,1033.735],[164.83,714.926],[164.82,793.948],[164.81,1074.488],[164.8,590.089],[164.79,815.093],[164.78,630.589],[164.77,1086.591],[164.76,436.322],[164.75,237.558],[164.74,682.654],[164.73,758.779],[164.72,354.998],[164.71,320.661]],"asks":[[164.91,316.318],[164.92,68.289],[164.93,32.534],[164.94,99.8],[164.95,255.604],[164.96,153.587],[164.97,440.162],[164.98,748.636],[164.99,368.448],[165.0,720.185],[165.01,1102.103],[165.02,726.058],[165.03,398.043],[165.04,389.144],[165.05,446.899],[165.06,713.433],[165.07,171.372],[165.08,280.446],[165.09,455.109],[165.1,1252.532]]},"raw":{}}
{"exchange":"binance","instance_id":"B","symbol":"SOL-USD","event_ts":1762205093.995,"seq":25731057011,"depth":{"last_seq":25731057011,"bids":[[164.9,152.329],[164.89,42.534],[164.88,125.138],[164.87,339.5],[164.86,368.554],[164.85,553.361],[164.84,1033.735],[164.83,714.926],[164.82,793.948],[164.81,1074.488],[164.8,590.089],[164.79,815.093],[164.78,630.589],[164.77,1086.591],[164.76,436.322],[164.75,237.558],[164.74,682.654],[164.73,758.779],[164.72,354.998],[164.71,320.661]],"asks":[[164.91,253.766],[164.92,68.289],[164.93,32.534],[164.94,99.8],[164.95,255.604],[164.96,153.587],[164.97,440.162],[164.98,748.636],[164.99,368.448],[165.0,720.185],[165.01,1100.103],[165.02,728.058],[165.03,398.043],[165.04,389.144],[165.05,446.899],[165.06,713.433],[165.07,171.372],[165.08,280.446],[165.09,455.109],[165.1,1252.532]]},"raw":{}}
{"exchange":"binance","instance_id":"B","symbol":"SOL-USD","event_ts":1762205094.095,"seq":25731057022,"depth":{"last_seq":25731057022,"bids":[[164.9,152.596],[164.89,42.534],[164.88,185.862],[164.87,278.838],[164.86,368.554],[164.85,553.361],[164.84,1033.735],[164.83,714.926],[164.82,793.948],[164.81,1074.488],[164.8,590.089],[164.79,815.093],[164.78,630.589],[164.77,1086.591],[164.76,436.322],[164.75,237.558],[164.74,682.654],[164.73,758.779],[164.72,354.998],[164.71,320.661]],"asks":[[164.91,253.838],[164.92,7.642],[164.93,32.47],[164.94,99.8],[164.95,316.242],[164.96,153.587],[164.97,440.162],[164.98,748.636],[164.99,368.448],[165.0,720.185],[165.01,1100.103],[165.02,728.058],[165.03,398.043],[165.04,389.144],[165.05,446.899],[165.06,713.433],[165.07,171.372],[165.08,280.446],[165.09,455.109],[165.1,1252.532]]},"raw":{}}
{"exchange":"binance","instance_id":"B","symbol":"SOL-USD","event_ts":1762205094.196,"seq":25731057033,"depth":{"last_seq":25731057033,"bids":[[164.9,152.596],[164.89,59.824],[164.88,182.87],[164.87,278.838],[164.86,368.554],[164.85,553.361],[164.84,1033.735],[164.83,714.957],[164.82,793.948],[164.81,1074.488],[164.8,590.089],[164.79,815.093],[164.78,630.589],[164.77,1086.591],[164.76,436.322],[164.75,237.558],[164.74,682.654],[164.73,758.779],[164.72,354.998],[164.71,320.661]],"asks":[[164.91,246.828],[164.92,7.642],[164.93,32.534],[164.94,99.8],[164.95,316.242],[164.96,153.587],[164.97,440.162],[164.98,748.636],[164.99,368.448],[165.0,720.185],[165.01,1100.103],[165.02,728.058],[165.03,398.043],[165.04,389.144],[165.05,446.899],[165.06,713.433],[165.07,171.372],[165.08,280.446],[165.09,455.109],[165.1,1252.532]]},"raw":{}}
{"exchange":"binance","instance_id":"B","symbol":"SOL-USD","event_ts":1762205094.295,"seq":25731057045,"depth":{"last_seq":25731057045,"bids":[[164.9,152.579],[164.89,59.824],[164.88,182.87],[164.87,278.838],[164.86,368.554],[164.85,551.306],[164.84,1033.735],[164.83,714.957],[164.82,793.948],[164.81,1074.488],[164.8,590.089],[164.79,815.093],[164.78,630.589],[164.77,1086.591],[164.76,436.322],[164.75,237.558],[164.74,682.654],[164.73,758.779],[164.72,354.998],[164.71,320.661]],"asks":[[164.91,253.838],[164.92,7.642],[164.93,32.534],[164.94,99.8],[164.95,316.242],[164.96,153.587],[164.97,440.162],[164.98,748.636],[164.99,368.448],[165.0,720.185],[165.01,1100.103],[165.02,728.058],[165.03,398.043],[165.04,389.144],[165.05,446.899],[165.06,713.433],[165.07,171.372],[165.08,280.446],[165.09,455.109],[165.1,1252.532]]},"raw":{}}
{"exchange":"binance","instance_id":"B","symbol":"SOL-USD","event_ts":1762205094.395,"seq":25731057048,"depth":{"last_seq":25731057048,"bids":[[164.9,152.579],[164.89,59.824],[164.88,182.87],[164.87,278.838],[164.86,368.554],[164.85,551.306],[164.84,1033.735],[164.83,714.957],[164.82,793.948],[164.81,1074.488],[164.8,590.089],[164.79,815.093],[164.78,630.589],[164.77,1086.591],[164.76,451.484],[164.75,237.558],[164.74,682.654],[164.73,758.779],[164.72,354.998],[164.71,320.661]],"asks":[[164.91,253.844],[164.92,7.642],[164.93,32.534],[164.94,99.8],[164.95,316.242],[164.96,153.587],[164.97,440.162],[164.98,748.636],[164.99,368.448],[165.0,720.185],[165.01,1100.103],[165.02,728.058],[165.03,398.043],[165.04,389.144],[165.05,446.899],[165.06,713.433],[165.07,171.372],[165.08,280.446],[165.09,455.109],[165.1,1252.532]]},"raw":{}}
{"exchange":"binance","instance_id":"B","symbol":"SOL-USD","event_ts":1762205094.495,"seq":25731057051,"depth":{"last_seq":25731057051,"bids":[[164.9,152.579],[164.89,59.824],[164.88,182.87],[164.87,278.838],[164.86,368.554],[164.85,553.361],[164.84,1033.735],[164.83,714.957],[164.82,793.948],[164.81,1074.488],[164.8,590.089],[164.79,815.093],[164.78,630.589],[164.77,1086.591],[164.76,451.484],[164.75,237.558],[164.74,682.654],[164.73,758.779],[164.72,354.998],[164.71,320.661]],"asks":[[164.91,253.844],[164.92,7.642],[164.93,32.534],[164.94,99.8],[164.95,316.242],[164.96,171.451],[164.97,439.857],[164.98,748.636],[164.99,368.448],[165.0,720.185],[165.01,1100.103],[165.02,728.058],[165.03,398.043],[165.04,389.144],[165.05,446.899],[165.06,713.433],[165.07,171.372],[165.08,280.446],[165.09,455.109],[165.1,1252.532]]},"raw":{}}
{"exchange":"binance","instance_id":"B","symbol":"SOL-USD","event_ts":1762205094.595,"seq":25731057052,"depth":{"last_seq":25731057052,"bids":[[164.9,152.579],[164.89,59.824],[164.88,182.87],[164.87,278.838],[164.86,368.554],[164.85,553.361],[164.84,1033.735],[164.83,714.957],[164.82,793.948],[164.81,1074.488],[164.8,590.089],[164.79,815.093],[164.78,630.589],[164.77,1086.591],[164.76,451.484],[164.75,237.558],[164.74,682.654],[164.73,758.779],[164.72,354.998],[164.71,320.661]],"asks":[[164.91,253.844],[164.92,7.642],[164.93,32.534],[164.94,99.8],[164.95,316.242],[164.96,171.451],[164.97,439.857],[164.98,748.636],[164.99,368.448],[165.0,720.185],[165.01,1100.103],[165.02,728.058],[165.03,398.043],[165.04,389.144],[165.05,446.899],[165.06,713.433],[165.07,171.372],[165.08,280.446],[165.09,455.109],[165.1,1252.532]]},"raw":{}}
{"exchange":"binance","instance_id":"B","symbol":"SOL-USD","event_ts":1762205094.695,"seq":25731057202,"depth":{"last_seq":25731057202,"bids":[[164.89,428.634],[164.88,182.934],[164.87,278.838],[164.86,368.554],[164.85,551.37],[164.84,1033.735],[164.83,714.957],[164.82,793.948],[164.81,1074.519],[164.8,590.589],[164.79,815.093],[164.78,630.589],[164.77,1086.591],[164.76,451.484],[164.75,237.558],[164.74,682.654],[164.73,758.779],[164.72,354.998],[164.71,320.661],[164.7,555.525]],"asks":[[164.9,553.022],[164.91,152.927],[164.92,9.414],[164.93,30.377],[164.94,99.8],[164.95,255.54],[164.96,171.451],[164.97,439.857],[164.98,749.116],[164.99,367.938],[165.0,720.185],[165.01,1100.103],[165.02,728.058],[165.03,398.043],[165.04,389.144],[165.05,446.899],[165.06,713.433],[165.07,171.372],[165.08,280.446],[165.09,455.078]]},"raw":{}}
{"exchange":"binance","instance_id":"B","symbol":"SOL-USD","event_ts":1762205094.795,"seq":25731057242,"depth":{"last_seq":25731057242,"bids":[[164.89,436.093],[164.88,182.356],[164.87,278.899],[164.86,368.554],[164.85,612.038],[164.84,975.118],[164.83,716.957],[164.82,793.948],[164.81,1072.519],[164.8,590.589],[164.79,815.093],[164.78,630.589],[164.77,1086.591],[164.76,451.484],[164.75,237.558],[164.74,682.654],[164.73,758.779],[164.72,354.998],[164.71,320.661],[164.7,555.525]],"asks":[[164.9,233.468],[164.91,2.91],[164.92,9.582],[164.93,91.084],[164.94,99.832],[164.95,255.54],[164.96,171.451],[164.97,439.857],[164.98,749.116],[164.99,362.742],[165.0,720.185],[165.01,1100.103],[165.02,728.058],[165.03,398.043],[165.04,389.144],[165.05,446.899],[165.06,713.433],[165.07,171.372],[165.08,280.446],[165.09,455.078]]},"raw":{}}
{"exchange":"binance","instance_id":"B","symbol":"SOL-USD","event_ts":1762205094.895,"seq":25731057253,"depth":{"last_seq":25731057253,"bids":[[164.89,435.644],[164.88,182.356],[164.87,279.412],[164.86,368.04],[164.85,612.038],[164.84,975.118],[164.83,716.957],[164.82,793.948],[164.81,1072.519],[164.8,590.589],[164.79,815.093],[164.78,630.589],[164.77,1086.591],[164.76,451.484],[164.75,237.558],[164.74,682.654],[164.73,758.779],[164.72,354.998],[164.71,320.661],[164.7,555.525]],"asks":[[164.9,233.421],[164.91,2.91],[164.92,88.002],[164.93,30.441],[164.94,99.8],[164.95,255.54],[164.96,232.084],[164.97,439.857],[164.98,749.116],[164.99,362.742],[165.0,720.185],[165.01,1100.103],[165.02,728.058],[165.03,398.043],[165.04,384.618],[165.05,446.899],[165.06,713.433],[165.07,171.372],[165.08,280.446],[165.09,455.078]]},"raw":{}}
{"exchange":"binance","instance_id":"B","symbol":"SOL-USD","event_ts":1762205094.995,"seq":25731057263,"depth":{"last_seq":25731057263,"bids":[[164.89,428.634],[164.88,182.42],[164.87,279.412],[164.86,368.04],[164.85,612.038],[164.84,975.118],[164.83,716.957],[164.82,793.948],[164.81,1072.519],[164.8,590.651],[164.79,815.093],[164.78,630.589],[164.77,1086.591],[164.76,451.484],[164.75,237.558],[164.74,682.654],[164.73,758.779],[164.72,354.998],[164.71,320.661],[164.7,555.525]],"asks":[[164.9,233.421],[164.91,2.91],[164.92,70.229],[164.93,30.377],[164.94,99.8],[164.95,255.54],[164.96,171.451],[164.97,439.857],[164.98,749.116],[164.99,362.742],[165.0,720.185],[165.01,1100.103],[165.02,728.058],[165.03,398.043],[165.04,384.618],[165.05,446.899],[165.06,713.433],[165.07,171.372],[165.08,280.446],[165.09,455.078]]},"raw":{}}
{"exchange":"binance","instance_id":"B","symbol":"SOL-USD","event_ts":1762205095.095,"seq":25731057268,"depth":{"last_seq":25731057268,"bids":[[164.89,428.634],[164.88,182.42],[164.87,279.412],[164.86,368.04],[164.85,612.038],[164.84,975.152],[164.83,716.957],[164.82,793.948],[164.81,1072.519],[164.8,590.651],[164.79,815.093],[164.78,630.589],[164.77,1086.591],[164.76,451.484],[164.75,237.558],[164.74,682.654],[164.73,758.779],[164.72,354.998],[164.71,320.661],[164.7,555.525]],"asks":[[164.9,233.421],[164.91,61.462],[164.92,70.229],[164.93,30.377],[164.94,99.8],[164.95,255.54],[164.96,171.451],[164.97,439.857],[164.98,749.116],[164.99,362.742],[165.0,720.219],[165.01,1100.103],[165.02,728.058],[165.03,398.043],[165.04,384.618],[165.05,446.899],[165.06,713.433],[165.07,171.372],[165.08,280.446],[165.09,455.078]]},"raw":{}}
{"exchange":"binance","instance_id":"B","symbol":"SOL-USD","event_ts":1762205095.195,"seq":25731057286,"depth":{"last_seq":25731057286,"bids":[[164.89,428.634],[164.88,182.42],[164.87,279.412],[164.86,368.04],[164.85,612.038],[164.84,975.152],[164.83,714.957],[164.82,795.948],[164.81,1072.519],[164.8,590.651],[164.79,815.093],[164.78,630.589],[164.77,1086.591],[164.76,451.484],[164.75,237.558],[164.74,682.654],[164.73,758.779],[164.72,354.998],[164.71,320.661],[164.7,555.525]],"asks":[[164.9,235.521],[164.91,61.462],[164.92,70.229],[164.93,30.377],[164.94,99.8],[164.95,255.54],[164.96,171.451],[164.97,439.857],[164.98,749.116],[164.99,362.742],[165.0,720.219],[165.01,1100.103],[165.02,728.058],[165.03,398.043],[165.04,384.618],[165.05,446.899],[165.06,713.433],[165.07,171.372],[165.08,280.446],[165.09,455.078]]},"raw":{}}
{"exchange":"binance","instance_id":"B","symbol":"SOL-USD","event_ts":1762205095.295,"seq":25731057291,"depth":{"last_seq":25731057291,"bids":[[164.89,435.644],[164.88,182.42],[164.87,279.412],[164.86,368.04],[164.85,612.038],[164.84,975.152],[164.83,714.957],[164.82,795.948],[164.81,1072.519],[164.8,590.651],[164.79,815.093],[164.78,630.589],[164.77,1086.591],[164.76,451.484],[164.75,237.558],[164.74,682.654],[164.73,758.779],[164.72,354.998],[164.71,320.661],[164.7,555.525]],"asks":[[164.9,235.521],[164.91,61.462],[164.92,70.229],[164.93,30.377],[164.94,99.8],[164.95,255.54],[164.96,171.451],[164.97,439.857],[164.98,749.116],[164.99,362.742],[165.0,720.219],[165.01,1100.103],[165.02,728.058],[165.03,398.043],[165.04,384.618],[165.05,446.899],[165.06,713.433],[165.07,171.372],[165.08,280.446],[165.09,455.078]]},"raw":{}}
{"exchange":"binance","instance_id":"B","symbol":"SOL-USD","event_ts":1762205095.395,"seq":25731057299,"depth":{"last_seq":25731057299,"bids":[[164.89,435.644],[164.88,121.76],[164.87,340.076],[164.86,368.04],[164.85,612.038],[164.84,975.152],[164.83,714.957],[164.82,795.948],[164.81,1072.519],[164.8,590.651],[164.79,815.093],[164.78,630.589],[164.77,1086.591],[164.76,451.484],[164.75,237.558],[164.74,682.654],[164.73,758.779],[164.72,354.998],[164.71,320.661],[164.7,555.525]],"asks":[[164.9,234.309],[164.91,79.235],[164.92,70.26],[164.93,30.377],[164.94,99.8],[164.95,255.54],[164.96,169.396],[164.97,439.857],[164.98,749.116],[164.99,362.742],[165.0,720.219],[165.01,1100.103],[165.02,728.058],[165.03,398.043],[165.04,384.618],[165.05,446.899],[165.06,713.433],[165.07,171.372],[165.08,280.446],[165.09,455.078]]},"raw":{}}
{"exchange":"binance","instance_id":"B","symbol":"SOL-USD","event_ts":1762205095.495,"seq":25731057305,"depth":{"last_seq":25731057305,"bids":[[164.89,428.634],[164.88,121.76],[164.87,340.076],[164.86,368.04],[164.85,612.038],[164.84,975.152],[164.83,714.957],[164.82,795.948],[164.81,1073.019],[164.8,590.151],[164.79,815.093],[164.78,630.589],[164.77,1086.591],[164.76,451.484],[164.75,237.558],[164.74,682.685],[164.73,758.779],[164.72,354.998],[164.71,320.661],[164.7,555.525]],"asks":[[164.9,234.309],[164.91,79.235],[164.92,70.26],[164.93,30.377],[164.94,99.8],[164.95,255.54],[164.96,169.396],[164.97,439.857],[164.98,749.116],[164.99,362.742],[165.0,720.219],[165.01,1100.103],[165.02,728.058],[165.03,398.043],[165.04,384.618],[165.05,446.899],[165.06,713.433],[165.07,171.372],[165.08,280.446],[165.09,455.078]]},"raw":{}}
{"exchange":"binance","instance_id":"B","symbol":"SOL-USD","event_ts":1762205095.596,"seq":25731057996,"depth":{"last_seq":25731057996,"bids":[[164.84,3.285],[164.83,1.712],[164.82,367.65],[164.81,367.97],[164.8,655.318],[164.79,295.501],[164.78,548.162],[164.77,938.428],[164.76,305.423],[164.75,225.139],[164.74,864.705],[164.73,760.265],[164.72,349.5],[164.71,463.138],[164.7,607.805],[164.69,900.847],[164.68,844.826],[164.67,197.863],[164.66,216.098],[164.65,293.682]],"asks":[[164.85,50.671],[164.86,668.3],[164.87,470.391],[164.88,516.403],[164.89,505.832],[164.9,89.526],[164.91,38.12],[164.92,25.112],[164.93,270.565],[164.94,181.44],[164.95,285.314],[164.96,238.799],[164.97,447.481],[164.98,748.605],[164.99,364.239],[165.0,750.219],[165.01,1100.103],[165.02,732.899],[165.03,384.043],[165.04,367.238]]},"raw":{}}
{"exchange":"binance","instance_id":"B","symbol":"SOL-USD","event_ts":1762205095.695,"seq":25731058480,"depth":{"last_seq":25731058480,"bids":[[164.83,55.824],[164.82,63.836],[164.81,157.598],[164.8,98.35],[164.79,192.747],[164.78,313.008],[164.77,472.734],[164.76,270.334],[164.75,237.817],[164.74,685.185],[164.73,758.779],[164.72,436.055],[164.71,489.325],[164.7,550.868],[164.69,831.461],[164.68,782.133],[164.67,175.046],[164.66,234.37],[164.65,363.133],[164.64,792.19]],"asks":[[164.84,469.666],[164.85,454.263],[164.86,457.745],[164.87,504.154],[164.88,517.319],[164.89,422.429],[164.9,153.202],[164.91,268.034],[164.92,208.218],[164.93,295.431],[164.94,727.996],[164.95,363.613],[164.96,247.17],[164.97,476.513],[164.98,778.605],[164.99,362.742],[165.0,720.219],[165.01,1019.794],[165.02,755.727],[165.03,406.84]]},"raw":{}}
{"exchange":"binance","instance_id":"B","symbol":"SOL-USD","event_ts":1762205095.795,"seq":25731058633,"depth":{"last_seq":25731058633,"bids":[[164.83,52.135],[164.82,0.344],[164.81,3.8],[164.8,71.596],[164.79,90.109],[164.78,173.552],[164.77,454.734],[164.76,296.155],[164.75,228.972],[164.74,465.734],[164.73,788.497],[164.72,377.234],[164.71,455.261],[164.7,532.708],[164.69,838.82],[164.68,782.133],[164.67,175.046],[164.66,258.537],[164.65,363.133],[164.64,793.676]],"asks":[[164.84,473.951],[164.85,487.939],[164.86,471.405],[164.87,470.09],[164.88,688.96],[164.89,422.368],[164.9,227.905],[164.91,268.034],[164.92,208.663],[164.93,455.735],[164.94,727.691],[164.95,363.613],[164.96,277.17],[164.97,477.335],[164.98,748.605],[164.99,362.742],[165.0,720.219],[165.01,1019.794],[165.02,748.886],[165.03,406.84]]},"raw":{}}
{"exchange":"binance","instance_id":"B","symbol":"SOL-USD","event_ts":1762205095.895,"seq":25731058685,"depth":{"last_seq":25731058685,"bids":[[164.83,106.275],[164.82,0.376],[164.81,17.658],[164.8,88.38],[164.79,65.746],[164.78,173.552],[164.77,454.734],[164.76,296.555],[164.75,162.512],[164.74,465.734],[164.73,788.897],[164.72,377.234],[164.71,273.2],[164.7,714.77],[164.69,838.82],[164.68,782.133],[164.67,175.046],[164.66,258.537],[164.65,344.866],[164.64,793.676]],"asks":[[164.84,501.115],[164.85,487.939],[164.86,473.125],[164.87,536.555],[164.88,692.394],[164.89,422.402],[164.9,225.805],[164.91,320.303],[164.92,781.973],[164.93,452.701],[164.94,761.248],[164.95,363.613],[164.96,277.17],[164.97,477.335],[164.98,748.205],[164.99,362.742],[165.0,479.736],[165.01,1019.394],[165.02,748.886],[165.03,406.84]]},"raw":{}}
{"exchange":"binance","instance_id":"B","symbol":"SOL-USD","event_ts":1762205095.995,"seq":25731058705,"depth":{"last_seq":25731058705,"bids":[[164.83,106.275],[164.82,0.376],[164.81,17.689],[164.8,88.38],[164.79,65.746],[164.78,173.552],[164.77,458.736],[164.76,296.555],[164.75,162.512],[164.74,465.734],[164.73,788.897],[164.72,331.233],[164.71,273.2],[164.7,714.77],[164.69,838.82],[164.68,782.133],[164.67,175.046],[164.66,258.537],[164.65,344.866],[164.64,793.676]],"asks":[[164.84,501.115],[164.85,487.939],[164.86,435.132],[164.87,536.555],[164.88,672.707],[164.89,422.402],[164.9,225.805],[164.91,486.767],[164.92,781.942],[164.93,452.67],[164.94,770.989],[164.95,363.582],[164.96,277.17],[164.97,477.335],[164.98,748.205],[164.99,313.861],[165.0,479.736],[165.01,1001.122],[165.02,748.886],[165.03,406.84]]},"raw":{}}
{"exchange":"binance","instance_id":"B","symbol":"SOL-USD","event_ts":1762205096.095,"seq":25731058831,"depth":{"last_seq":25731058831,"bids":[[164.83,121.233],[164.82,0.284],[164.81,20.137],[164.8,61.056],[164.79,27.075],[164.78,157.785],[164.77,435.276],[164.76,319.57],[164.75,161.512],[164.74,442.182],[164.73,787.264],[164.72,331.233],[164.71,273.2],[164.7,714.77],[164.69,838.82],[164.68,782.133],[164.67,175.046],[164.66,258.537],[164.65,344.866],[164.64,793.676]],"asks":[[164.84,553.258],[164.85,286.05],[164.86,671.81],[164.87,515.705],[164.88,672.707],[164.89,469.76],[164.9,769.07],[164.91,486.767],[164.92,781.942],[164.93,489.049],[164.94,770.989],[164.95,381.742],[164.96,277.17],[164.97,477.335],[164.98,748.205],[164.99,313.861],[165.0,479.736],[165.01,946.601],[165.02,748.886],[165.03,406.84]]},"raw":{}}
{"exchange":"binance","instance_id":"B","symbol":"SOL-USD","event_ts":1762205096.195,"seq":25731058875,"depth":{"last_seq":25731058875,"bids":[[164.83,71.355],[164.82,0.284],[164.81,35.706],[164.8,69.138],[164.79,44.848],[164.78,183.393],[164.77,435.276],[164.76,319.57],[164.75,161.512],[164.74,460.449],[164.73,787.264],[164.72,331.233],[164.71,273.2],[164.7,714.77],[164.69,838.82],[164.68,782.133],[164.67,175.046],[164.66,268.377],[164.65,344.866],[164.64,793.676]],"asks":[[164.84,561.158],[164.85,348.013],[164.86,671.81],[164.87,515.705],[164.88,674.762],[164.89,603.571],[164.9,769.07],[164.91,486.767],[164.92,775.923],[164.93,732.583],[164.94,770.989],[164.95,381.742],[164.96,283.189],[164.97,470.494],[164.98,748.205],[164.99,313.861],[165.0,479.736],[165.01,946.601],[165.02,748.886],[165.03,406.84]]},"raw":{}}
{"exchange":"binance","instance_id":"B","symbol":"SOL-USD","event_ts":1762205096.295,"seq":25731058886,"depth":{"last_seq":25731058886,"bids":[[164.83,71.355],[164.82,0.284],[164.81,35.706],[164.8,69.138],[164.79,46.574],[164.78,183.393],[164.77,435.276],[164.76,319.57],[164.75,161.512],[164.74,460.449],[164.73,805.424],[164.72,331.233],[164.71,273.2],[164.7,714.77],[164.69,838.82],[164.68,782.133],[164.67,175.046],[164.66,268.377],[164.65,344.866],[164.64,817.885]],"asks":[[164.84,561.158],[164.85,348.013],[164.86,671.81],[164.87,515.705],[164.88,674.762],[164.89,603.571],[164.9,769.07],[164.91,486.767],[164.92,849.504],[164.93,732.583],[164.94,770.989],[164.95,381.742],[164.96,283.189],[164.97,470.494],[164.98,748.205],[164.99,313.861],[165.0,479.736],[165.01,946.601],[165.02,748.886],[165.03,332.833]]},"raw":{}}
{"exchange":"binance","instance_id":"B","symbol":"SOL-USD","event_ts":1762205096.395,"seq":25731058915,"depth":{"last_seq":25731058915,"bids":[[164.83,0.825],[164.82,0.284],[164.81,20.137],[164.8,69.138],[164.79,46.606],[164.78,286.601],[164.77,435.276],[164.76,319.57],[164.75,159.512],[164.74,462.449],[164.73,805.424],[164.72,331.233],[164.71,273.2],[164.7,714.77],[164.69,838.82],[164.68,816.249],[164.67,175.046],[164.66,268.377],[164.65,378.982],[164.64,852.001]],"asks":[[164.84,565.371],[164.85,348.013],[164.86,671.81],[164.87,515.705],[164.88,674.762],[164.89,603.571],[164.9,786.128],[164.91,486.767],[164.92,849.504],[164.93,732.583],[164.94,770.989],[164.95,381.742],[164.96,283.189],[164.97,470.494],[164.98,748.205],[164.99,313.861],[165.0,479.736],[165.01,946.601],[165.02,694.084],[165.03,349.891]]},"raw":{}}
{"exchange":"binance","instance_id":"B","symbol":"SOL-USD","event_ts":1762205096.495,"seq":25731058926,"depth":{"last_seq":25731058926,"bids":[[164.83,0.825],[164.82,0.284],[164.81,20.137],[164.8,69.138],[164.79,88.99],[164.78,286.601],[164.77,332.073],[164.76,319.57],[164.75,159.512],[164.74,523.158],[164.73,805.424],[164.72,331.233],[164.71,273.2],[164.7,714.77],[164.69,838.82],[164.68,816.249],[164.67,175.046],[164.66,268.377],[164.65,378.982],[164.64,852.001]],"asks":[[164.84,565.371],[164.85,348.013],[164.86,671.81],[164.87,515.705],[164.88,674.762],[164.89,603.571],[164.9,786.128],[164.91,486.767],[164.92,849.504],[164.93,732.583],[164.94,770.989],[164.95,381.742],[164.96,283.189],[164.97,470.494],[164.98,748.205],[164.99,313.861],[165.0,479.736],[165.01,946.601],[165.02,694.084],[165.03,349.891]]},"raw":{}}
