{"exchange":"bybit","instance_id":"A","symbol":"SOL-USD","event_ts":1762349854.737,"seq":53151874,"depth":{"last_seq":53151874,"bids":[[158.26,139.5476],[158.25,46.118],[158.24,44.248],[158.23,18.3404],[158.22,89.2827],[158.21,101.5068],[158.2,100.5404],[158.19,60.9482],[158.18,12.1862],[158.17,50.6445],[158.16,33.6701],[158.15,244.1535],[158.14,131.4027],[158.13,87.7063],[158.12,13.8915],[158.11,130.1818],[158.1,239.1014],[158.09,159.6161],[158.08,95.6956],[158.07,343.3958]],"asks":[[158.27,71.9918],[158.28,80.4632],[158.29,71.2314],[158.3,66.163],[158.31,77.0298],[158.32,82.6182],[158.33,38.5626],[158.34,30.1372],[158.35,237.5131],[158.36,104.9715],[158.37,92.4077],[158.38,144.7346],[158.39,14.0024],[158.4,58.2601],[158.41,192.9153],[158.42,316.347],[158.43,80.04],[158.44,35.6259],[158.45,49.3318],[158.46,85.1359]]},"raw":{}}
{"exchange":"bybit","instance_id":"A","symbol":"SOL-USD","event_ts":1762349854.756,"seq":53151875,"depth":{"last_seq":53151875,"bids":[[158.26,139.5476],[158.25,46.1519],[158.24,44.248],[158.23,18.3404],[158.22,108.2298],[158.21,101.5068],[158.2,103.6997],[158.19,57.7888],[158.18,12.1862],[158.17,50.6445],[158.16,33.6701],[158.15,244.1535],[158.14,131.4027],[158.13,87.7063],[158.12,13.8915],[158.11,130.1818],[158.1,239.1014],[158.09,159.6161],[158.08,95.6956],[158.07,343.3958]],"asks":[[158.27,35.3597],[158.28,67.8268],[158.29,83.8665],[158.3,66.163],[158.31,56.3969],[158.32,80.9174],[158.33,40.2634],[158.34,30.1372],[158.35,237.5131],[158.36,101.8121],[158.37,95.567],[158.38,144.7346],[158.39,14.0024],[158.4,58.2601],[158.41,192.9153],[158.42,316.347],[158.43,80.04],[158.44,35.6259],[158.45,30.5135],[158.46,85.1359]]},"raw":{}}
{"exchange":"bybit","instance_id":"A","symbol":"SOL-USD","event_ts":1762349854.776,"seq":53151876,"depth":{"last_seq":53151876,"bids":[[158.26,139.5476],[158.25,46.1519],[158.24,44.248],[158.23,18.3404],[158.22,108.2298],[158.21,101.5068],[158.2,103.6997],[158.19,57.7888],[158.18,12.1862],[158.17,50.6445],[158.16,207.0042],[158.15,67.03],[158.14,131.4027],[158.13,87.7063],[158.12,13.8915],[158.11,130.1818],[158.1,239.1014],[158.09,159.6161],[158.08,95.6956],[158.07,343.3958]],"asks":[[158.27,35.3597],[158.28,67.8268],[158.29,83.8665],[158.3,52.948],[158.31,56.3969],[158.32,80.9174],[158.33,40.2634],[158.34,30.1372],[158.35,237.5131],[158.36,104.9714],[158.37,92.4077],[158.38,144.7346],[158.39,14.0024],[158.4,58.2601],[158.41,192.9153],[158.42,316.347],[158.43,80.04],[158.44,30.4442],[158.45,30.5135],[158.46,85.1359]]},"raw":{}}
{"exchange":"bybit","instance_id":"A","symbol":"SOL-USD","event_ts":1762349854.796,"seq":53151877,"depth":{"last_seq":53151877,"bids":[[158.26,139.5476],[158.25,46.1519],[158.24,44.248],[158.23,18.3404],[158.22,108.2298],[158.21,101.9491],[158.2,103.6997],[158.19,57.3465],[158.18,12.1862],[158.17,50.6445],[158.16,207.0042],[158.15,67.03],[158.14,131.4027],[158.13,87.7063],[158.12,13.8915],[158.11,130.1818],[158.1,239.1014],[158.09,159.6161],[158.08,95.6956],[158.07,343.3958]],"asks":[[158.27,35.3597],[158.28,67.8268],[158.29,83.8665],[158.3,52.948],[158.31,56.3969],[158.32,80.9174],[158.33,40.2634],[158.34,30.1372],[158.35,237.5131],[158.36,104.9714],[158.37,92.4077],[158.38,144.7346],[158.39,14.0024],[158.4,58.2601],[158.41,192.9153],[158.42,316.347],[158.43,80.04],[158.44,30.4442],[158.45,30.5135],[158.46,85.1359]]},"raw":{}}
{"exchange":"bybit","instance_id":"A","symbol":"SOL-USD","event_ts":1762349854.816,"seq":53151878,"depth":{"last_seq":53151878,"bids":[[158.26,139.5476],[158.25,46.1519],[158.24,44.248],[158.23,18.3404],[158.22,108.2298],[158.21,101.9491],[158.2,103.6997],[158.19,57.3465],[158.18,12.1862],[158.17,44.1896],[158.16,207.0042],[158.15,67.03],[158.14,131.4027],[158.13,87.7063],[158.12,13.8915],[158.11,130.1818],[158.1,239.1014],[158.09,159.6161],[158.08,95.6956],[158.07,343.3958]],"asks":[[158.27,9.478],[158.28,60.5268],[158.29,83.8665],[158.3,52.8817],[158.31,56.3969],[158.32,80.9174],[158.33,40.2634],[158.34,29.8213],[158.35,237.8289],[158.36,104.9714],[158.37,92.4077],[158.38,144.7346],[158.39,14.0024],[158.4,58.2601],[158.41,192.9153],[158.42,316.347],[158.43,80.04],[158.44,30.4442],[158.45,30.5135],[158.46,85.1359]]},"raw":{}}
{"exchange":"bybit","instance_id":"A","symbol":"SOL-USD","event_ts":1762349854.836,"seq":53151879,"depth":{"last_seq":53151879,"bids":[[158.27,165.6311],[158.26,68.5542],[158.25,52.1865],[158.24,44.248],[158.23,62.0884],[158.22,89.5985],[158.21,104.7923],[158.2,100.5404],[158.19,57.3465],[158.18,12.1862],[158.17,44.1896],[158.16,207.0042],[158.15,67.03],[158.14,131.4027],[158.13,127.3283],[158.12,13.8915],[158.11,90.557],[158.1,239.1014],[158.09,159.6161],[158.08,95.6956]],"asks":[[158.28,60.0938],[158.29,61.3234],[158.3,65.5159],[158.31,52.9291],[158.32,80.9174],[158.33,40.2634],[158.34,29.8213],[158.35,197.0459],[158.36,101.8121],[158.37,92.4077],[158.38,188.6766],[158.39,14.0024],[158.4,58.2601],[158.41,192.9153],[158.42,316.347],[158.43,80.04],[158.44,30.4442],[158.45,30.5135],[158.46,85.1359],[158.47,9.5491]]},"raw":{}}
{"exchange":"bybit","instance_id":"A","symbol":"SOL-USD","event_ts":1762349854.856,"seq":53151880,"depth":{"last_seq":53151880,"bids":[[158.27,165.6311],[158.26,68.5542],[158.25,52.1865],[158.24,57.3068],[158.23,81.0355],[158.22,89.5985],[158.21,104.7923],[158.2,100.5404],[158.19,57.3465],[158.18,12.1862],[158.17,44.1896],[158.16,207.0042],[158.15,67.03],[158.14,131.4027],[158.13,127.3283],[158.12,13.8915],[158.11,90.557],[158.1,239.1014],[158.09,159.6161],[158.08,95.6956]],"asks":[[158.28,60.0938],[158.29,61.3234],[158.3,65.5159],[158.31,52.9291],[158.32,80.9174],[158.33,40.2634],[158.34,29.8213],[158.35,53.0492],[158.36,245.5111],[158.37,92.4077],[158.38,188.6766],[158.39,14.0024],[158.4,58.2601],[158.41,192.9153],[158.42,316.347],[158.43,80.04],[158.44,30.4442],[158.45,30.5135],[158.46,85.1359],[158.47,9.5491]]},"raw":{}}
{"exchange":"bybit","instance_id":"A","symbol":"SOL-USD","event_ts":1762349854.876,"seq":53151881,"depth":{"last_seq":53151881,"bids":[[158.27,165.6311],[158.26,68.5542],[158.25,52.1526],[158.24,57.3068],[158.23,81.0355],[158.22,89.5985],[158.21,104.7923],[158.2,100.5404],[158.19,57.3465],[158.18,12.1862],[158.17,44.1896],[158.16,207.0042],[158.15,67.03],[158.14,131.4027],[158.13,127.3283],[158.12,13.8915],[158.11,90.557],[158.1,239.1014],[158.09,159.6161],[158.08,95.6956]],"asks":[[158.28,60.0938],[158.29,61.3234],[158.3,65.5159],[158.31,52.9291],[158.32,80.9174],[158.33,40.2634],[158.34,29.8213],[158.35,53.0492],[158.36,245.5111],[158.37,92.4077],[158.38,188.6766],[158.39,14.0024],[158.4,58.2601],[158.41,192.9153],[158.42,316.347],[158.43,80.04],[158.44,30.4442],[158.45,30.5135],[158.46,85.1359],[158.47,9.5491]]},"raw":{}}
{"exchange":"bybit","instance_id":"A","symbol":"SOL-USD","event_ts":1762349854.896,"seq":53151882,"depth":{"last_seq":53151882,"bids":[[158.27,165.6311],[158.26,68.5542],[158.25,52.1526],[158.24,57.3068],[158.23,81.0355],[158.22,89.5985],[158.21,104.7923],[158.2,100.5404],[158.19,57.3465],[158.18,12.1862],[158.17,44.1896],[158.16,207.0042],[158.15,67.03],[158.14,131.4027],[158.13,127.3283],[158.12,13.8915],[158.11,90.557],[158.1,239.1014],[158.09,159.6161],[158.08,95.6956]],"asks":[[158.28,60.0938],[158.29,61.3234],[158.3,52.8817],[158.31,65.5635],[158.32,80.9174],[158.33,40.2634],[158.34,29.8213],[158.35,53.0492],[158.36,245.5111],[158.37,95.5666],[158.38,185.5176],[158.39,14.0024],[158.4,58.2601],[158.41,192.9153],[158.42,316.347],[158.43,80.04],[158.44,30.4442],[158.45,30.5135],[158.46,85.1359],[158.47,9.5491]]},"raw":{}}
{"exchange":"bybit","instance_id":"A","symbol":"SOL-USD","event_ts":1762349854.916,"seq":53151883,"depth":{"last_seq":53151883,"bids":[[158.27,165.6311],[158.26,68.5542],[158.25,52.1526],[158.24,57.3068],[158.23,81.0355],[158.22,89.2827],[158.21,104.7923],[158.2,100.5404],[158.19,57.3465],[158.18,12.1862],[158.17,44.1896],[158.16,207.0042],[158.15,67.03],[158.14,131.4027],[158.13,127.3283],[158.12,13.8915],[158.11,90.557],[158.1,239.1014],[158.09,159.6161],[158.08,95.6956]],"asks":[[158.28,60.0938],[158.29,61.3234],[158.3,58.9026],[158.31,65.5635],[158.32,80.9174],[158.33,40.2634],[158.34,29.8213],[158.35,53.0492],[158.36,245.5111],[158.37,95.5666],[158.38,185.5176],[158.39,14.0024],[158.4,58.2601],[158.41,192.9153],[158.42,316.347],[158.43,80.04],[158.44,30.4442],[158.45,30.5135],[158.46,85.1359],[158.47,9.5491]]},"raw":{}}
{"exchange":"bybit","instance_id":"A","symbol":"SOL-USD","event_ts":1762349854.936,"seq":53151884,"depth":{"last_seq":53151884,"bids":[[158.27,164.9854],[158.26,68.5542],[158.25,52.1526],[158.24,57.3068],[158.23,81.0355],[158.22,89.2827],[158.21,104.7923],[158.2,100.5404],[158.19,57.3465],[158.18,12.1862],[158.17,44.1896],[158.16,207.0042],[158.15,67.03],[158.14,131.4027],[158.13,127.3283],[158.12,13.8915],[158.11,90.557],[158.1,239.1014],[158.09,159.6161],[158.08,95.6956]],"asks":[[158.28,60.0938],[158.29,71.2294],[158.3,58.9026],[158.31,65.5635],[158.32,80.9174],[158.33,41.3949],[158.34,29.8213],[158.35,53.0492],[158.36,245.8269],[158.37,95.5666],[158.38,185.5176],[158.39,14.0024],[158.4,58.2601],[158.41,192.9153],[158.42,316.347],[158.43,80.04],[158.44,30.4442],[158.45,30.5135],[158.46,85.1359],[158.47,9.5491]]},"raw":{}}
{"exchange":"bybit","instance_id":"A","symbol":"SOL-USD","event_ts":1762349854.956,"seq":53151885,"depth":{"last_seq":53151885,"bids":[[158.27,164.9854],[158.26,68.5542],[158.25,52.1526],[158.24,57.3068],[158.23,81.0355],[158.22,89.2827],[158.21,101.6332],[158.2,103.6994],[158.19,57.3465],[158.18,12.1862],[158.17,44.1896],[158.16,207.0042],[158.15,67.03],[158.14,131.4027],[158.13,127.3283],[158.12,13.8915],[158.11,90.557],[158.1,239.1014],[158.09,159.6161],[158.08,95.6956]],"asks":[[158.28,60.0938],[158.29,71.2294],[158.3,58.9026],[158.31,65.5635],[158.32,80.9174],[158.33,41.3949],[158.34,29.8213],[158.35,53.0492],[158.36,245.8269],[158.37,95.5666],[158.38,185.5176],[158.39,14.0024],[158.4,58.2601],[158.41,192.9153],[158.42,316.347],[158.43,80.04],[158.44,30.4442],[158.45,30.5135],[158.46,85.1359],[158.47,9.5491]]},"raw":{}}
{"exchange":"bybit","instance_id":"A","symbol":"SOL-USD","event_ts":1762349854.997,"seq":53151886,"depth":{"last_seq":53151886,"bids":[[158.27,164.9854],[158.26,68.5542],[158.25,52.1526],[158.24,57.3068],[158.23,81.0355],[158.22,89.5985],[158.21,101.6332],[158.2,103.6994],[158.19,57.3465],[158.18,12.1862],[158.17,44.1896],[158.16,207.0042],[158.15,67.03],[158.14,131.4027],[158.13,127.3283],[158.12,13.8915],[158.11,90.557],[158.1,239.1014],[158.09,159.6161],[158.08,95.6956]],"asks":[[158.28,60.0938],[158.29,71.2294],[158.3,58.9026],[158.31,65.5635],[158.32,80.9174],[158.33,41.3949],[158.34,29.8213],[158.35,196.7482],[158.36,102.1279],[158.37,95.5666],[158.38,185.5176],[158.39,14.0024],[158.4,58.2601],[158.41,192.9153],[158.42,316.347],[158.43,80.04],[158.44,30.4442],[158.45,30.5135],[158.46,85.1359],[158.47,9.5491]]},"raw":{}}
{"exchange":"bybit","instance_id":"A","symbol":"SOL-USD","event_ts":1762349855.036,"seq":53151887,"depth":{"last_seq":53151887,"bids":[[158.27,164.9854],[158.26,68.5542],[158.25,52.1526],[158.24,57.3068],[158.23,81.4778],[158.22,89.5985],[158.21,101.1909],[158.2,103.6994],[158.19,57.3465],[158.18,12.1862],[158.17,44.1896],[158.16,207.0042],[158.15,67.03],[158.14,131.4027],[158.13,127.3283],[158.12,13.8915],[158.11,90.557],[158.1,239.1014],[158.09,159.6161],[158.08,95.6956]],"asks":[[158.28,60.0938],[158.29,71.2294],[158.3,58.9026],[158.31,65.5635],[158.32,80.9174],[158.33,41.3949],[158.34,29.8213],[158.35,196.7482],[158.36,102.1279],[158.37,95.5666],[158.38,185.5176],[158.39,14.0024],[158.4,58.2601],[158.41,192.9153],[158.42,316.347],[158.43,80.04],[158.44,30.4442],[158.45,30.5135],[158.46,85.1359],[158.47,9.5491]]},"raw":{}}
{"exchange":"bybit","instance_id":"A","symbol":"SOL-USD","event_ts":1762349855.056,"seq":53151888,"depth":{"last_seq":53151888,"bids":[[158.27,164.9854],[158.26,68.5542],[158.25,52.1526],[158.24,57.3068],[158.23,81.4778],[158.22,89.5985],[158.21,101.1909],[158.2,103.6994],[158.19,57.3465],[158.18,12.1862],[158.17,44.1896],[158.16,207.0042],[158.15,67.03],[158.14,131.4027],[158.13,127.3283],[158.12,13.8915],[158.11,90.557],[158.1,239.1014],[158.09,159.6161],[158.08,95.6956]],"asks":[[158.28,60.0938],[158.29,71.2294],[158.3,58.9026],[158.31,65.5635],[158.32,80.9174],[158.33,41.3949],[158.34,29.8213],[158.35,196.7482],[158.36,102.1279],[158.37,95.5666],[158.38,185.5176],[158.39,14.0024],[158.4,58.2601],[158.41,192.9153],[158.42,316.347],[158.43,80.04],[158.44,30.4442],[158.45,30.5135],[158.46,85.1359],[158.47,9.5491]]},"raw":{}}
{"exchange":"bybit","instance_id":"A","symbol":"SOL-USD","event_ts":1762349855.077,"seq":53151889,"depth":{"last_seq":53151889,"bids":[[158.27,164.9854],[158.26,68.5542],[158.25,52.1526],[158.24,57.3068],[158.23,81.4778],[158.22,89.5985],[158.21,101.1909],[158.2,103.6994],[158.19,57.3465],[158.18,12.1862],[158.17,44.1896],[158.16,207.0042],[158.15,67.03],[158.14,131.4027],[158.13,127.3283],[158.12,13.8915],[158.11,90.557],[158.1,239.1014],[158.09,159.6161],[158.08,95.6956]],"asks":[[158.28,60.4098],[158.29,71.2294],[158.3,58.9026],[158.31,65.5635],[158.32,80.9174],[158.33,41.3949],[158.34,29.8213],[158.35,196.7482],[158.36,102.1279],[158.37,95.5666],[158.38,185.5176],[158.39,14.0024],[158.4,58.2601],[158.41,192.9153],[158.42,316.347],[158.43,80.04],[158.44,30.4442],[158.45,30.5135],[158.46,85.1359],[158.47,9.5491]]},"raw":{}}
{"exchange":"bybit","instance_id":"A","symbol":"SOL-USD","event_ts":1762349855.117,"seq":53151890,"depth":{"last_seq":53151890,"bids":[[158.27,164.9854],[158.26,68.5542],[158.25,52.1526],[158.24,57.3068],[158.23,81.4778],[158.22,89.5985],[158.21,101.1909],[158.2,103.6994],[158.19,57.3465],[158.18,12.1862],[158.17,44.1896],[158.16,207.0042],[158.15,67.03],[158.14,131.4027],[158.13,127.3283],[158.12,13.8915],[158.11,90.557],[158.1,239.1014],[158.09,159.6161],[158.08,95.6956]],"asks":[[158.28,60.4098],[158.29,71.2294],[158.3,64.2917],[158.31,65.5635],[158.32,80.9174],[158.33,41.3949],[158.34,29.8213],[158.35,196.7482],[158.36,102.1279],[158.37,95.5666],[158.38,185.5176],[158.39,14.0024],[158.4,58.2601],[158.41,192.9153],[158.42,316.347],[158.43,80.04],[158.44,30.4442],[158.45,30.5135],[158.46,85.1359],[158.47,9.5491]]},"raw":{}}
{"exchange":"bybit","instance_id":"A","symbol":"SOL-USD","event_ts":1762349855.217,"seq":53151891,"depth":{"last_seq":53151891,"bids":[[158.27,164.9854],[158.26,68.5542],[158.25,52.1526],[158.24,57.3068],[158.23,81.4778],[158.22,89.5985],[158.21,101.1909],[158.2,103.6994],[158.19,57.3465],[158.18,12.1862],[158.17,44.1896],[158.16,207.0042],[158.15,67.03],[158.14,131.4027],[158.13,127.3283],[158.12,13.8915],[158.11,90.557],[158.1,239.1014],[158.09,159.6161],[158.08,95.6956]],"asks":[[158.28,60.4098],[158.29,71.2294],[158.3,64.2917],[158.31,69.0107],[158.32,80.9174],[158.33,41.3949],[158.34,29.8213],[158.35,196.7482],[158.36,102.1279],[158.37,95.5666],[158.38,185.5176],[158.39,14.0024],[158.4,58.2601],[158.41,192.9153],[158.42,316.347],[158.43,80.04],[158.44,30.4442],[158.45,30.5135],[158.46,85.1359],[158.47,9.5491]]},"raw":{}}
{"exchange":"bybit","instance_id":"A","symbol":"SOL-USD","event_ts":1762349855.236,"seq":53151892,"depth":{"last_seq":53151892,"bids":[[158.27,27.316],[158.26,68.3802],[158.25,52.1526],[158.24,57.3068],[158.23,81.4778],[158.22,89.5985],[158.21,101.1909],[158.2,100.5404],[158.19,57.3465],[158.18,15.3454],[158.17,97.5335],[158.16,207.0042],[158.15,67.03],[158.14,131.4027],[158.13,127.3283],[158.12,13.8915],[158.11,90.557],[158.1,239.1014],[158.09,159.6161],[158.08,95.6956]],"asks":[[158.28,113.5798],[158.29,71.2294],[158.3,64.2917],[158.31,83.5352],[158.32,80.9174],[158.33,41.3949],[158.34,29.8213],[158.35,200.2231],[158.36,101.8121],[158.37,92.4077],[158.38,185.5176],[158.39,14.0024],[158.4,58.2601],[158.41,192.9153],[158.42,316.347],[158.43,80.04],[158.44,30.4442],[158.45,30.5135],[158.46,85.1359],[158.47,9.5491]]},"raw":{}}
{"exchange":"bybit","instance_id":"A","symbol":"SOL-USD","event_ts":1762349855.257,"seq":53151893,"depth":{"last_seq":53151893,"bids":[[158.27,27.316],[158.26,68.3802],[158.25,52.1526],[158.24,57.3068],[158.23,81.4778],[158.22,89.5985],[158.21,101.1909],[158.2,100.5404],[158.19,57.3465],[158.18,15.3454],[158.17,97.5335],[158.16,207.0042],[158.15,67.03],[158.14,131.4027],[158.13,127.3283],[158.12,13.8915],[158.11,90.557],[158.1,239.1014],[158.09,159.6161],[158.08,95.6956]],"asks":[[158.28,113.5798],[158.29,71.2294],[158.3,64.2917],[158.31,83.5352],[158.32,80.9174],[158.33,41.3949],[158.34,29.8213],[158.35,199.9073],[158.36,101.8121],[158.37,92.4077],[158.38,185.5176],[158.39,14.0024],[158.4,58.2601],[158.41,192.9153],[158.42,316.347],[158.43,80.04],[158.44,30.4442],[158.45,30.5135],[158.46,85.1359],[158.47,9.5491]]},"raw":{}}
{"exchange":"bybit","instance_id":"A","symbol":"SOL-USD","event_ts":1762349855.316,"seq":53151894,"depth":{"last_seq":53151894,"bids":[[158.27,27.0],[158.26,68.3802],[158.25,52.1526],[158.24,57.3068],[158.23,81.4778],[158.22,89.5985],[158.21,101.1909],[158.2,100.5404],[158.19,57.3465],[158.18,15.3454],[158.17,97.5335],[158.16,207.0042],[158.15,67.03],[158.14,131.4027],[158.13,127.3283],[158.12,13.8915],[158.11,90.557],[158.1,239.1014],[158.09,159.6161],[158.08,95.6956]],"asks":[[158.28,113.5798],[158.29,83.865],[158.3,64.2917],[158.31,70.9008],[158.32,80.9174],[158.33,41.3949],[158.34,29.8213],[158.35,199.9073],[158.36,102.1279],[158.37,92.4077],[158.38,185.5176],[158.39,14.0024],[158.4,58.2601],[158.41,192.9153],[158.42,316.347],[158.43,80.04],[158.44,30.4442],[158.45,30.5135],[158.46,85.1359],[158.47,9.5491]]},"raw":{}}
{"exchange":"bybit","instance_id":"A","symbol":"SOL-USD","event_ts":1762349855.336,"seq":53151895,"depth":{"last_seq":53151895,"bids":[[158.27,27.0],[158.26,68.3802],[158.25,52.1526],[158.24,57.3068],[158.23,81.4778],[158.22,89.5985],[158.21,101.1909],[158.2,100.5404],[158.19,60.5059],[158.18,12.1862],[158.17,97.5335],[158.16,207.0042],[158.15,67.03],[158.14,131.4027],[158.13,127.3283],[158.12,13.8915],[158.11,90.557],[158.1,239.1014],[158.09,159.6161],[158.08,95.6956]],"asks":[[158.28,113.5798],[158.29,83.865],[158.3,64.2917],[158.31,70.9008],[158.32,80.9174],[158.33,41.3949],[158.34,29.8213],[158.35,199.9076],[158.36,102.1279],[158.37,92.4077],[158.38,185.5176],[158.39,14.0024],[158.4,58.2601],[158.41,192.9153],[158.42,316.347],[158.43,80.04],[158.44,30.4442],[158.45,30.5135],[158.46,85.1359],[158.47,9.5491]]},"raw":{}}
{"exchange":"bybit","instance_id":"A","symbol":"SOL-USD","event_ts":1762349855.376,"seq":53151896,"depth":{"last_seq":53151896,"bids":[[158.27,27.0],[158.26,68.3802],[158.25,52.1526],[158.24,57.3068],[158.23,81.4778],[158.22,89.5985],[158.21,101.1909],[158.2,100.5404],[158.19,60.5059],[158.18,12.1862],[158.17,97.5335],[158.16,207.0042],[158.15,67.03],[158.14,131.4027],[158.13,127.3283],[158.12,13.8915],[158.11,90.557],[158.1,239.1014],[158.09,159.6161],[158.08,95.6956]],"asks":[[158.28,113.5798],[158.29,83.865],[158.3,64.2917],[158.31,70.9008],[158.32,80.9174],[158.33,41.3949],[158.34,173.5022],[158.35,56.2086],[158.36,102.1279],[158.37,92.4077],[158.38,185.5176],[158.39,14.0024],[158.4,58.2601],[158.41,192.9153],[158.42,316.347],[158.43,80.04],[158.44,30.4442],[158.45,30.5135],[158.46,85.1359],[158.47,9.5491]]},"raw":{}}
{"exchange":"bybit","instance_id":"A","symbol":"SOL-USD","event_ts":1762349855.396,"seq":53151897,"depth":{"last_seq":53151897,"bids":[[158.27,7.3],[158.26,68.3802],[158.25,52.1526],[158.24,57.3068],[158.23,81.4778],[158.22,89.5985],[158.21,101.1909],[158.2,100.5404],[158.19,57.3465],[158.18,15.3455],[158.17,97.5335],[158.16,207.0042],[158.15,67.03],[158.14,131.4027],[158.13,127.3283],[158.12,13.8915],[158.11,90.557],[158.1,239.1014],[158.09,159.6161],[158.08,95.6956]],"asks":[[158.28,113.5798],[158.29,83.865],[158.3,64.2917],[158.31,70.9008],[158.32,80.9174],[158.33,41.3949],[158.34,176.6617],[158.35,53.365],[158.36,101.8121],[158.37,92.4077],[158.38,185.5176],[158.39,14.0024],[158.4,58.2601],[158.41,192.9153],[158.42,316.347],[158.43,80.04],[158.44,30.4442],[158.45,30.5135],[158.46,85.1359],[158.47,9.5491]]},"raw":{}}
{"exchange":"bybit","instance_id":"A","symbol":"SOL-USD","event_ts":1762349855.417,"seq":53151898,"depth":{"last_seq":53151898,"bids":[[158.26,121.5502],[158.25,52.1526],[158.24,57.3068],[158.23,62.5307],[158.22,89.5985],[158.21,101.1909],[158.2,100.5404],[158.19,57.3465],[158.18,15.3455],[158.17,97.5335],[158.16,207.0042],[158.15,67.03],[158.14,131.4027],[158.13,127.3283],[158.12,13.8915],[158.11,90.557],[158.1,239.1014],[158.09,159.6161],[158.08,95.6956],[158.07,343.3958]],"asks":[[158.27,124.1666],[158.28,81.3911],[158.29,83.865],[158.3,64.2917],[158.31,70.9008],[158.32,82.6182],[158.33,39.6941],[158.34,173.5022],[158.35,56.2087],[158.36,101.8121],[158.37,92.4077],[158.38,185.5176],[158.39,14.0024],[158.4,58.2601],[158.41,192.9153],[158.42,316.347],[158.43,80.04],[158.44,30.4442],[158.45,30.5135],[158.46,85.1359]]},"raw":{}}
{"exchange":"bybit","instance_id":"A","symbol":"SOL-USD","event_ts":1762349855.436,"seq":53151899,"depth":{"last_seq":53151899,"bids":[[158.26,121.5502],[158.25,52.1526],[158.24,57.3068],[158.23,81.4778],[158.22,89.5985],[158.21,101.1909],[158.2,100.5404],[158.19,60.5058],[158.18,12.1862],[158.17,97.5335],[158.16,207.0042],[158.15,67.03],[158.14,131.4027],[158.13,126.8283],[158.12,13.8915],[158.11,91.0529],[158.1,239.1014],[158.09,159.6161],[158.08,95.6956],[158.07,343.3958]],"asks":[[158.27,115.3699],[158.28,71.598],[158.29,83.865],[158.3,64.2917],[158.31,70.9008],[158.32,82.6182],[158.33,39.6941],[158.34,173.5022],[158.35,56.2087],[158.36,101.8121],[158.37,92.4077],[158.38,185.5176],[158.39,14.0024],[158.4,58.2601],[158.41,192.9153],[158.42,316.347],[158.43,80.04],[158.44,30.4442],[158.45,30.5135],[158.46,85.1359]]},"raw":{}}
{"exchange":"bybit","instance_id":"A","symbol":"SOL-USD","event_ts":1762349855.456,"seq":53151900,"depth":{"last_seq":53151900,"bids":[[158.26,121.5502],[158.25,52.1526],[158.24,57.3068],[158.23,81.4778],[158.22,89.5985],[158.21,101.1909],[158.2,100.5404],[158.19,60.5058],[158.18,12.1862],[158.17,97.5335],[158.16,207.0042],[158.15,67.03],[158.14,131.4027],[158.13,126.8283],[158.12,13.8915],[158.11,91.0529],[158.1,239.1014],[158.09,159.6161],[158.08,95.6956],[158.07,343.3958]],"asks":[[158.27,115.3699],[158.28,71.598],[158.29,83.865],[158.3,64.2917],[158.31,70.9008],[158.32,82.6182],[158.33,39.6941],[158.34,173.5022],[158.35,56.2087],[158.36,101.8121],[158.37,92.4077],[158.38,185.5176],[158.39,14.0024],[158.4,58.2601],[158.41,192.9153],[158.42,316.347],[158.43,80.04],[158.44,30.4442],[158.45,30.5135],[158.46,85.1359]]},"raw":{}}
{"exchange":"bybit","instance_id":"A","symbol":"SOL-USD","event_ts":1762349855.496,"seq":53151901,"depth":{"last_seq":53151901,"bids":[[158.26,47.6802],[158.25,46.118],[158.24,57.3068],[158.23,62.5307],[158.22,89.5985],[158.21,101.1909],[158.2,59.7574],[158.19,60.5058],[158.18,12.1862],[158.17,97.5335],[158.16,207.0042],[158.15,67.03],[158.14,131.4027],[158.13,126.8283],[158.12,13.8915],[158.11,91.0529],[158.1,239.1014],[158.09,159.6161],[158.08,95.6956],[158.07,343.3958]],"asks":[[158.27,115.3699],[158.28,71.598],[158.29,83.865],[158.3,64.2917],[158.31,70.9008],[158.32,82.6182],[158.33,39.6941],[158.34,173.5022],[158.35,56.2087],[158.36,102.1279],[158.37,92.4077],[158.38,185.5176],[158.39,14.0024],[158.4,58.2601],[158.41,192.9153],[158.42,316.347],[158.43,80.04],[158.44,30.4442],[158.45,30.5135],[158.46,85.1359]]},"raw":{}}
{"exchange":"bybit","instance_id":"A","symbol":"SOL-USD","event_ts":1762349855.516,"seq":53151902,"depth":{"last_seq":53151902,"bids":[[158.25,46.118],[158.24,57.3068],[158.23,62.0884],[158.22,89.5985],[158.21,91.6441],[158.2,60.1996],[158.19,57.3465],[158.18,12.1862],[158.17,100.6929],[158.16,213.4594],[158.15,67.03],[158.14,131.4027],[158.13,126.8283],[158.12,13.8915],[158.11,91.0529],[158.1,239.1014],[158.09,159.6161],[158.08,95.6956],[158.07,343.3958],[158.06,22.941]],"asks":[[158.26,18.1627],[158.27,115.3699],[158.28,68.8118],[158.29,83.865],[158.3,64.2917],[158.31,70.9008],[158.32,82.6182],[158.33,39.6941],[158.34,176.6616],[158.35,53.365],[158.36,101.8121],[158.37,92.4077],[158.38,185.5176],[158.39,14.0024],[158.4,58.2601],[158.41,192.9153],[158.42,316.347],[158.43,80.04],[158.44,30.4442],[158.45,30.5135]]},"raw":{}}
{"exchange":"bybit","instance_id":"A","symbol":"SOL-USD","event_ts":1762349855.536,"seq":53151903,"depth":{"last_seq":53151903,"bids":[[158.25,32.91],[158.24,57.3068],[158.23,18.3404],[158.22,89.2827],[158.21,110.907],[158.2,60.1996],[158.19,57.3465],[158.18,12.1862],[158.17,100.6929],[158.16,40.1253],[158.15,240.3641],[158.14,131.4027],[158.13,87.2063],[158.12,13.8915],[158.11,130.6777],[158.1,239.1014],[158.09,159.6161],[158.08,95.6956],[158.07,343.3958],[158.06,22.941]],"asks":[[158.26,149.8419],[158.27,70.1888],[158.28,68.8118],[158.29,83.865],[158.3,64.2917],[158.31,70.9008],[158.32,82.6182],[158.33,42.8536],[158.34,173.5022],[158.35,53.0492],[158.36,101.8121],[158.37,92.4077],[158.38,185.5176],[158.39,14.0024],[158.4,58.2601],[158.41,192.9153],[158.42,316.347],[158.43,80.04],[158.44,30.4442],[158.45,30.5135]]},"raw":{}}
{"exchange":"bybit","instance_id":"A","symbol":"SOL-USD","event_ts":1762349855.557,"seq":53151904,"depth":{"last_seq":53151904,"bids":[[158.25,62.5],[158.24,44.248],[158.23,18.3404],[158.22,108.2298],[158.21,91.9599],[158.2,60.1996],[158.19,57.3465],[158.18,12.1862],[158.17,47.349],[158.16,40.1253],[158.15,240.3641],[158.14,131.4027],[158.13,87.2063],[158.12,13.8915],[158.11,130.6777],[158.1,239.1014],[158.09,159.6161],[158.08,95.6956],[158.07,343.3958],[158.06,22.941]],"asks":[[158.26,149.8419],[158.27,70.1888],[158.28,68.8118],[158.29,83.865],[158.3,64.2917],[158.31,70.9008],[158.32,82.6182],[158.33,39.6941],[158.34,176.6617],[158.35,53.0492],[158.36,101.8121],[158.37,92.4077],[158.38,185.5176],[158.39,14.0024],[158.4,58.2601],[158.41,192.9153],[158.42,316.347],[158.43,80.04],[158.44,30.4442],[158.45,30.5135]]},"raw":{}}
{"exchange":"bybit","instance_id":"A","symbol":"SOL-USD","event_ts":1762349855.576,"seq":53151905,"depth":{"last_seq":53151905,"bids":[[158.25,19.7],[158.24,44.2842],[158.23,18.3404],[158.22,89.2827],[158.21,110.907],[158.2,100.9826],[158.19,57.3465],[158.18,12.1862],[158.17,44.1896],[158.16,43.285],[158.15,240.3641],[158.14,131.4027],[158.13,87.2063],[158.12,13.8915],[158.11,130.6777],[158.1,239.1014],[158.09,159.6161],[158.08,95.6956],[158.07,343.3958],[158.06,22.941]],"asks":[[158.26,149.8419],[158.27,70.1888],[158.28,68.8118],[158.29,83.865],[158.3,64.2917],[158.31,70.9008],[158.32,82.6182],[158.33,42.8536],[158.34,173.5022],[158.35,53.0492],[158.36,101.8121],[158.37,92.4077],[158.38,185.5176],[158.39,14.0024],[158.4,58.2601],[158.41,192.9153],[158.42,316.347],[158.43,80.04],[158.44,30.4442],[158.45,30.5135]]},"raw":{}}
{"exchange":"bybit","instance_id":"A","symbol":"SOL-USD","event_ts":1762349855.596,"seq":53151906,"depth":{"last_seq":53151906,"bids":[[158.25,27.0],[158.24,44.248],[158.23,18.3404],[158.22,89.3213],[158.21,110.5912],[158.2,100.9826],[158.19,57.3465],[158.18,12.1862],[158.17,44.1896],[158.16,43.285],[158.15,240.3641],[158.14,131.4027],[158.13,87.2063],[158.12,13.8915],[158.11,130.6777],[158.1,239.1014],[158.09,159.6161],[158.08,95.6956],[158.07,343.3958],[158.06,22.941]],"asks":[[158.26,149.8419],[158.27,70.1888],[158.28,81.4489],[158.29,71.2294],[158.3,64.2917],[158.31,70.9008],[158.32,82.6182],[158.33,42.8536],[158.34,173.5022],[158.35,53.0492],[158.36,101.8121],[158.37,92.4077],[158.38,185.5176],[158.39,14.0024],[158.4,58.2601],[158.41,192.9153],[158.42,316.347],[158.43,80.04],[158.44,30.4442],[158.45,30.5135]]},"raw":{}}
{"exchange":"bybit","instance_id":"A","symbol":"SOL-USD","event_ts":1762349855.616,"seq":53151907,"depth":{"last_seq":53151907,"bids":[[158.24,31.9826],[158.23,38.0404],[158.22,78.1174],[158.21,88.4845],[158.2,100.9826],[158.19,54.5352],[158.18,12.1862],[158.17,44.1896],[158.16,40.1253],[158.15,70.1898],[158.14,131.4027],[158.13,180.3191],[158.12,13.8915],[158.11,130.6776],[158.1,318.7197],[158.09,159.6161],[158.08,95.6956],[158.07,343.3958],[158.06,22.941],[158.05,27.8706]],"asks":[[158.25,162.273],[158.26,73.3294],[158.27,70.2362],[158.28,81.4489],[158.29,71.2294],[158.3,64.358],[158.31,70.9008],[158.32,229.4679],[158.33,39.6941],[158.34,30.1372],[158.35,53.0492],[158.36,101.8121],[158.37,92.4077],[158.38,185.5176],[158.39,14.0024],[158.4,137.8784],[158.41,113.2995],[158.42,316.347],[158.43,80.04],[158.44,30.4442]]},"raw":{}}
{"exchange":"bybit","instance_id":"A","symbol":"SOL-USD","event_ts":1762349855.636,"seq":53151908,"depth":{"last_seq":53151908,"bids":[[158.24,31.9826],[158.23,38.0404],[158.22,78.1174],[158.21,98.1633],[158.2,119.9297],[158.19,54.5352],[158.18,12.1862],[158.17,44.1896],[158.16,40.1253],[158.15,70.1898],[158.14,131.4027],[158.13,183.1302],[158.12,13.8915],[158.11,130.6776],[158.1,318.7197],[158.09,159.6161],[158.08,95.6956],[158.07,343.3958],[158.06,22.941],[158.05,27.8706]],"asks":[[158.25,162.273],[158.26,73.3294],[158.27,70.2362],[158.28,81.4489],[158.29,71.2294],[158.3,64.358],[158.31,70.9008],[158.32,229.468],[158.33,40.01],[158.34,29.8213],[158.35,93.8322],[158.36,101.8121],[158.37,92.4077],[158.38,144.7346],[158.39,40.1822],[158.4,112.4648],[158.41,113.2995],[158.42,316.347],[158.43,80.04],[158.44,30.4442]]},"raw":{}}
{"exchange":"bybit","instance_id":"A","symbol":"SOL-USD","event_ts":1762349855.656,"seq":53151909,"depth":{"last_seq":53151909,"bids":[[158.24,31.9826],[158.23,38.0404],[158.22,78.0788],[158.21,98.2198],[158.2,119.9297],[158.19,54.5352],[158.18,12.1862],[158.17,44.1896],[158.16,40.1253],[158.15,70.1898],[158.14,131.4027],[158.13,183.1302],[158.12,13.8915],[158.11,130.6776],[158.1,318.7197],[158.09,159.6161],[158.08,95.6956],[158.07,343.3958],[158.06,22.941],[158.05,27.8706]],"asks":[[158.25,162.273],[158.26,73.3294],[158.27,70.2362],[158.28,81.4489],[158.29,71.2294],[158.3,64.358],[158.31,70.9008],[158.32,229.468],[158.33,40.01],[158.34,29.8213],[158.35,93.8322],[158.36,101.8121],[158.37,92.4077],[158.38,144.7346],[158.39,40.1822],[158.4,112.4648],[158.41,114.5632],[158.42,316.347],[158.43,80.04],[158.44,30.4442]]},"raw":{}}
{"exchange":"bybit","instance_id":"A","symbol":"SOL-USD","event_ts":1762349855.676,"seq":53151910,"depth":{"last_seq":53151910,"bids":[[158.24,31.9826],[158.23,38.0404],[158.22,78.0788],[158.21,90.6217],[158.2,119.9297],[158.19,54.8511],[158.18,12.1862],[158.17,44.1896],[158.16,40.1253],[158.15,70.1898],[158.14,131.4027],[158.13,183.1302],[158.12,13.8915],[158.11,130.6776],[158.1,318.7197],[158.09,159.6161],[158.08,95.6956],[158.07,343.3958],[158.06,22.941],[158.05,27.8706]],"asks":[[158.25,162.273],[158.26,73.3294],[158.27,82.874],[158.28,68.8118],[158.29,71.2294],[158.3,64.358],[158.31,70.9008],[158.32,229.468],[158.33,40.01],[158.34,29.8213],[158.35,93.8322],[158.36,101.8121],[158.37,92.4077],[158.38,144.7346],[158.39,40.1822],[158.4,112.4648],[158.41,114.5632],[158.42,316.347],[158.43,80.04],[158.44,30.4442]]},"raw":{}}
{"exchange":"bybit","instance_id":"A","symbol":"SOL-USD","event_ts":1762349855.696,"seq":53151911,"depth":{"last_seq":53151911,"bids":[[158.24,31.9826],[158.23,38.0404],[158.22,78.0788],[158.21,90.5652],[158.2,119.972],[158.19,54.8511],[158.18,12.1862],[158.17,44.1896],[158.16,40.1253],[158.15,70.1898],[158.14,131.4027],[158.13,183.1302],[158.12,13.8915],[158.11,130.6776],[158.1,318.7197],[158.09,159.6161],[158.08,95.6956],[158.07,343.3958],[158.06,22.941],[158.05,27.8706]],"asks":[[158.25,162.273],[158.26,73.3294],[158.27,82.8735],[158.28,68.8118],[158.29,71.2294],[158.3,64.358],[158.31,70.9008],[158.32,229.468],[158.33,40.01],[158.34,29.8213],[158.35,93.8322],[158.36,101.8121],[158.37,92.4077],[158.38,144.7346],[158.39,40.1822],[158.4,112.4648],[158.41,114.5632],[158.42,316.347],[158.43,80.04],[158.44,30.4442]]},"raw":{}}
{"exchange":"bybit","instance_id":"A","symbol":"SOL-USD","event_ts":1762349855.716,"seq":53151912,"depth":{"last_seq":53151912,"bids":[[158.24,31.9826],[158.23,38.0404],[158.22,78.0788],[158.21,90.5652],[158.2,119.972],[158.19,54.8511],[158.18,12.1862],[158.17,44.1896],[158.16,40.1253],[158.15,70.1898],[158.14,131.4027],[158.13,183.1302],[158.12,13.8915],[158.11,130.6776],[158.1,318.7197],[158.09,159.6161],[158.08,95.6956],[158.07,343.3958],[158.06,22.941],[158.05,27.8706]],"asks":[[158.25,162.273],[158.26,73.3294],[158.27,82.8735],[158.28,68.8118],[158.29,71.2294],[158.3,64.358],[158.31,70.9008],[158.32,229.468],[158.33,40.01],[158.34,29.8213],[158.35,93.8322],[158.36,101.8121],[158.37,92.4077],[158.38,144.7346],[158.39,40.1822],[158.4,112.4648],[158.41,114.5632],[158.42,316.347],[158.43,80.04],[158.44,30.4442]]},"raw":{}}
{"exchange":"bybit","instance_id":"A","symbol":"SOL-USD","event_ts":1762349855.737,"seq":53151913,"depth":{"last_seq":53151913,"bids":[[158.24,31.9826],[158.23,38.0404],[158.22,78.0788],[158.21,90.5652],[158.2,119.972],[158.19,54.8511],[158.18,12.1862],[158.17,44.1896],[158.16,43.2853],[158.15,67.03],[158.14,131.4027],[158.13,183.1302],[158.12,13.8915],[158.11,130.6776],[158.1,318.7197],[158.09,159.6161],[158.08,95.6956],[158.07,343.3958],[158.06,22.941],[158.05,27.8706]],"asks":[[158.25,162.273],[158.26,73.3294],[158.27,82.8735],[158.28,68.8118],[158.29,71.2294],[158.3,64.358],[158.31,70.9008],[158.32,229.468],[158.33,40.01],[158.34,29.8213],[158.35,93.8322],[158.36,101.8121],[158.37,92.4077],[158.38,144.7346],[158.39,40.1822],[158.4,112.4648],[158.41,114.5632],[158.42,316.347],[158.43,80.04],[158.44,30.4442]]},"raw":{}}
{"exchange":"bybit","instance_id":"A","symbol":"SOL-USD","event_ts":1762349855.776,"seq":53151914,"depth":{"last_seq":53151914,"bids":[[158.24,31.9826],[158.23,47.9484],[158.22,78.0788],[158.21,90.5652],[158.2,119.972],[158.19,54.8511],[158.18,12.1862],[158.17,44.1896],[158.16,43.2853],[158.15,67.03],[158.14,131.4027],[158.13,183.1302],[158.12,13.8915],[158.11,130.6776],[158.1,318.7197],[158.09,159.6161],[158.08,95.6956],[158.07,343.3958],[158.06,22.941],[158.05,27.8706]],"asks":[[158.25,162.273],[158.26,73.3294],[158.27,82.8735],[158.28,68.8118],[158.29,71.2294],[158.3,64.358],[158.31,70.9008],[158.32,229.468],[158.33,40.01],[158.34,29.8213],[158.35,93.8322],[158.36,101.8121],[158.37,92.4077],[158.38,144.7346],[158.39,40.1822],[158.4,112.4648],[158.41,114.5632],[158.42,316.347],[158.43,80.04],[158.44,30.4442]]},"raw":{}}
{"exchange":"bybit","instance_id":"A","symbol":"SOL-USD","event_ts":1762349855.816,"seq":53151915,"depth":{"last_seq":53151915,"bids":[[158.24,31.9826],[158.23,47.9484],[158.22,78.0788],[158.21,90.5652],[158.2,119.972],[158.19,54.8511],[158.18,12.1862],[158.17,44.1896],[158.16,40.1253],[158.15,70.1899],[158.14,131.4027],[158.13,183.1302],[158.12,13.8915],[158.11,130.6776],[158.1,318.7197],[158.09,159.6161],[158.08,95.6956],[158.07,343.3958],[158.06,22.941],[158.05,27.8706]],"asks":[[158.25,162.273],[158.26,73.3294],[158.27,82.8735],[158.28,68.8118],[158.29,71.2294],[158.3,64.358],[158.31,70.9008],[158.32,229.468],[158.33,40.01],[158.34,23.8378],[158.35,93.8322],[158.36,101.8121],[158.37,92.4077],[158.38,144.7346],[158.39,40.1822],[158.4,112.4648],[158.41,114.5632],[158.42,316.347],[158.43,80.04],[158.44,30.4442]]},"raw":{}}
{"exchange":"bybit","instance_id":"A","symbol":"SOL-USD","event_ts":1762349855.836,"seq":53151916,"depth":{"last_seq":53151916,"bids":[[158.24,31.9826],[158.23,47.9484],[158.22,78.0788],[158.21,90.5652],[158.2,119.972],[158.19,54.8511],[158.18,12.1862],[158.17,44.1896],[158.16,43.2852],[158.15,67.03],[158.14,131.4027],[158.13,183.1302],[158.12,13.8915],[158.11,130.6776],[158.1,318.7197],[158.09,159.6161],[158.08,95.6956],[158.07,343.3958],[158.06,22.941],[158.05,27.8706]],"asks":[[158.25,162.273],[158.26,73.3294],[158.27,73.9996],[158.28,68.8118],[158.29,78.1768],[158.3,64.358],[158.31,70.9008],[158.32,229.468],[158.33,40.01],[158.34,23.8378],[158.35,93.8322],[158.36,101.8121],[158.37,92.4077],[158.38,144.7346],[158.39,40.1822],[158.4,112.4648],[158.41,114.5632],[158.42,316.347],[158.43,80.04],[158.44,30.4442]]},"raw":{}}
{"exchange":"bybit","instance_id":"A","symbol":"SOL-USD","event_ts":1762349855.856,"seq":53151917,"depth":{"last_seq":53151917,"bids":[[158.24,31.9826],[158.23,47.9484],[158.22,78.0788],[158.21,90.5652],[158.2,119.972],[158.19,54.8511],[158.18,12.1862],[158.17,44.1896],[158.16,43.2852],[158.15,67.03],[158.14,131.4027],[158.13,183.1302],[158.12,13.8915],[158.11,130.6776],[158.1,318.7197],[158.09,159.6161],[158.08,95.6956],[158.07,343.3958],[158.06,22.941],[158.05,27.8706]],"asks":[[158.25,162.273],[158.26,65.1997],[158.27,73.9996],[158.28,68.8118],[158.29,78.1768],[158.3,64.358],[158.31,70.9008],[158.32,229.468],[158.33,40.01],[158.34,23.8378],[158.35,93.8322],[158.36,101.8121],[158.37,92.4077],[158.38,144.7346],[158.39,40.1822],[158.4,112.4648],[158.41,114.5632],[158.42,316.347],[158.43,80.04],[158.44,30.4442]]},"raw":{}}
{"exchange":"bybit","instance_id":"A","symbol":"SOL-USD","event_ts":1762349855.896,"seq":53151918,"depth":{"last_seq":53151918,"bids":[[158.24,32.2986],[158.23,47.9484],[158.22,78.0788],[158.21,90.5652],[158.2,119.972],[158.19,54.8511],[158.18,12.1862],[158.17,44.1896],[158.16,43.2852],[158.15,67.03],[158.14,131.4027],[158.13,183.1302],[158.12,13.8915],[158.11,130.6776],[158.1,318.7197],[158.09,159.6161],[158.08,95.6956],[158.07,343.3958],[158.06,22.941],[158.05,27.8706]],"asks":[[158.25,162.273],[158.26,65.1997],[158.27,73.9996],[158.28,68.8118],[158.29,78.1768],[158.3,64.358],[158.31,70.9008],[158.32,229.468],[158.33,40.01],[158.34,23.8378],[158.35,93.8322],[158.36,101.8121],[158.37,92.4077],[158.38,144.7346],[158.39,40.1822],[158.4,112.4648],[158.41,114.5632],[158.42,316.347],[158.43,80.04],[158.44,30.4442]]},"raw":{}}
{"exchange":"bybit","instance_id":"A","symbol":"SOL-USD","event_ts":1762349855.917,"seq":53151919,"depth":{"last_seq":53151919,"bids":[[158.24,31.9826],[158.23,47.9484],[158.22,78.0788],[158.21,90.5652],[158.2,119.972],[158.19,54.8511],[158.18,12.1862],[158.17,44.1896],[158.16,43.2852],[158.15,67.03],[158.14,131.4027],[158.13,183.1302],[158.12,13.3957],[158.11,130.6776],[158.1,319.2156],[158.09,159.6161],[158.08,95.6956],[158.07,343.3958],[158.06,22.941],[158.05,27.8706]],"asks":[[158.25,162.373],[158.26,65.1997],[158.27,83.9076],[158.28,68.8118],[158.29,68.2708],[158.3,64.358],[158.31,72.6016],[158.32,227.7672],[158.33,40.01],[158.34,23.8378],[158.35,93.8322],[158.36,101.8121],[158.37,92.4077],[158.38,144.7346],[158.39,40.1822],[158.4,112.4648],[158.41,114.5632],[158.42,316.347],[158.43,80.04],[158.44,30.4442]]},"raw":{}}
{"exchange":"bybit","instance_id":"A","symbol":"SOL-USD","event_ts":1762349855.936,"seq":53151920,"depth":{"last_seq":53151920,"bids":[[158.24,4.9826],[158.23,47.9484],[158.22,78.0788],[158.21,90.5652],[158.2,119.972],[158.19,54.8511],[158.18,12.1862],[158.17,44.1896],[158.16,40.1253],[158.15,70.1899],[158.14,70.046],[158.13,183.1302],[158.12,74.7524],[158.11,130.6776],[158.1,319.2156],[158.09,159.6161],[158.08,95.6956],[158.07,343.3958],[158.06,22.941],[158.05,27.8706]],"asks":[[158.25,162.373],[158.26,65.1997],[158.27,83.9076],[158.28,68.8118],[158.29,68.2708],[158.3,64.358],[158.31,72.6016],[158.32,227.7672],[158.33,40.01],[158.34,23.8378],[158.35,93.8322],[158.36,167.4497],[158.37,92.4077],[158.38,79.097],[158.39,40.1822],[158.4,112.4648],[158.41,114.5632],[158.42,316.347],[158.43,80.04],[158.44,30.4442]]},"raw":{}}
{"exchange":"bybit","instance_id":"A","symbol":"SOL-USD","event_ts":1762349855.956,"seq":53151921,"depth":{"last_seq":53151921,"bids":[[158.24,4.9826],[158.23,47.9484],[158.22,78.0788],[158.21,90.5652],[158.2,119.972],[158.19,54.8511],[158.18,12.1862],[158.17,44.1896],[158.16,40.1253],[158.15,53.6261],[158.14,70.046],[158.13,183.1302],[158.12,74.7524],[158.11,130.6776],[158.1,319.2156],[158.09,159.6161],[158.08,95.6956],[158.07,343.3958],[158.06,22.941],[158.05,27.8706]],"asks":[[158.25,162.373],[158.26,65.1997],[158.27,83.9076],[158.28,68.8118],[158.29,68.2708],[158.3,64.358],[158.31,72.6016],[158.32,227.7672],[158.33,40.01],[158.34,23.8378],[158.35,93.8322],[158.36,167.4497],[158.37,55.0486],[158.38,79.097],[158.39,40.1822],[158.4,112.4648],[158.41,114.5632],[158.42,316.347],[158.43,80.04],[158.44,30.4442]]},"raw":{}}
{"exchange":"bybit","instance_id":"A","symbol":"SOL-USD","event_ts":1762349855.977,"seq":53151922,"depth":{"last_seq":53151922,"bids":[[158.24,4.9826],[158.23,47.9484],[158.22,78.0788],[158.21,90.5652],[158.2,119.972],[158.19,54.8511],[158.18,12.1862],[158.17,44.1896],[158.16,40.1253],[158.15,53.6261],[158.14,70.046],[158.13,183.1302],[158.12,74.7524],[158.11,130.6776],[158.1,319.2156],[158.09,159.6161],[158.08,95.6956],[158.07,343.3958],[158.06,22.941],[158.05,27.8706]],"asks":[[158.25,162.373],[158.26,65.1997],[158.27,83.9076],[158.28,68.8118],[158.29,68.2708],[158.3,64.358],[158.31,216.2915],[158.32,84.0773],[158.33,40.01],[158.34,23.8378],[158.35,93.8322],[158.36,167.4497],[158.37,55.0486],[158.38,79.097],[158.39,40.1822],[158.4,112.4648],[158.41,114.5632],[158.42,316.347],[158.43,80.04],[158.44,30.4442]]},"raw":{}}
{"exchange":"bybit","instance_id":"A","symbol":"SOL-USD","event_ts":1762349855.996,"seq":53151923,"depth":{"last_seq":53151923,"bids":[[158.24,4.9826],[158.23,47.9484],[158.22,78.0788],[158.21,90.5652],[158.2,119.972],[158.19,54.8511],[158.18,12.1862],[158.17,44.1896],[158.16,40.1253],[158.15,53.6261],[158.14,70.046],[158.13,183.1302],[158.12,74.7524],[158.11,130.6776],[158.1,319.2156],[158.09,159.6161],[158.08,95.6956],[158.07,343.3958],[158.06,22.941],[158.05,27.8706]],"asks":[[158.25,162.373],[158.26,65.1997],[158.27,83.9076],[158.28,68.8118],[158.29,68.2708],[158.3,71.9561],[158.31,216.2915],[158.32,84.0773],[158.33,40.01],[158.34,23.8378],[158.35,93.8322],[158.36,167.4497],[158.37,55.0486],[158.38,79.097],[158.39,40.1822],[158.4,112.4648],[158.41,114.5632],[158.42,316.347],[158.43,80.04],[158.44,30.4442]]},"raw":{}}
{"exchange":"bybit","instance_id":"A","symbol":"SOL-USD","event_ts":1762349856.136,"seq":53151924,"depth":{"last_seq":53151924,"bids":[[158.24,5.2986],[158.23,47.9484],[158.22,78.0788],[158.21,90.5652],[158.2,119.972],[158.19,54.8511],[158.18,12.1862],[158.17,44.1896],[158.16,40.1253],[158.15,53.6261],[158.14,70.046],[158.13,183.1302],[158.12,74.7524],[158.11,130.6776],[158.1,319.2156],[158.09,159.6161],[158.08,95.6956],[158.07,343.3958],[158.06,22.941],[158.05,27.8706]],"asks":[[158.25,162.373],[158.26,72.1048],[158.27,83.9076],[158.28,68.8118],[158.29,68.2708],[158.3,71.9561],[158.31,216.2915],[158.32,84.0773],[158.33,40.01],[158.34,23.8378],[158.35,93.8322],[158.36,167.4497],[158.37,55.0486],[158.38,79.097],[158.39,40.1822],[158.4,112.4648],[158.41,114.5632],[158.42,316.347],[158.43,80.04],[158.44,30.4442]]},"raw":{}}
{"exchange":"bybit","instance_id":"A","symbol":"SOL-USD","event_ts":1762349856.176,"seq":53151925,"depth":{"last_seq":53151925,"bids":[[158.24,5.2986],[158.23,47.9484],[158.22,78.0788],[158.21,90.5652],[158.2,119.972],[158.19,54.8511],[158.18,12.1862],[158.17,44.1896],[158.16,40.1253],[158.15,53.6261],[158.14,70.046],[158.13,183.1302],[158.12,74.7524],[158.11,130.6776],[158.1,319.2156],[158.09,159.6161],[158.08,95.6956],[158.07,343.3958],[158.06,22.941],[158.05,27.8706]],"asks":[[158.25,162.373],[158.26,72.1048],[158.27,83.9076],[158.28,68.8781],[158.29,68.2708],[158.3,71.8898],[158.31,216.2915],[158.32,84.0773],[158.33,40.01],[158.34,23.8378],[158.35,93.8322],[158.36,167.4497],[158.37,55.0486],[158.38,79.097],[158.39,40.1822],[158.4,112.4648],[158.41,114.5632],[158.42,316.347],[158.43,80.04],[158.44,30.4442]]},"raw":{}}
{"exchange":"bybit","instance_id":"A","symbol":"SOL-USD","event_ts":1762349856.317,"seq":53151926,"depth":{"last_seq":53151926,"bids":[[158.24,5.2986],[158.23,47.9484],[158.22,78.0788],[158.21,90.5652],[158.2,119.972],[158.19,54.8511],[158.18,23.8301],[158.17,44.1896],[158.16,40.1253],[158.15,53.6261],[158.14,70.046],[158.13,183.1302],[158.12,74.7524],[158.11,130.6776],[158.1,319.2156],[158.09,159.6161],[158.08,95.6956],[158.07,343.3958],[158.06,22.941],[158.05,27.8706]],"asks":[[158.25,162.373],[158.26,72.1048],[158.27,83.9076],[158.28,68.8781],[158.29,68.2708],[158.3,111.8576],[158.31,216.2915],[158.32,84.0773],[158.33,40.01],[158.34,23.8378],[158.35,93.8322],[158.36,167.4497],[158.37,55.0486],[158.38,79.097],[158.39,40.1822],[158.4,112.4648],[158.41,114.5632],[158.42,316.347],[158.43,80.04],[158.44,30.4442]]},"raw":{}}
{"exchange":"bybit","instance_id":"A","symbol":"SOL-USD","event_ts":1762349856.336,"seq":53151927,"depth":{"last_seq":53151927,"bids":[[158.23,28.2484],[158.22,70.4288],[158.21,90.5652],[158.2,100.5827],[158.19,54.8511],[158.18,23.8301],[158.17,47.35],[158.16,43.2853],[158.15,50.4662],[158.14,70.046],[158.13,183.1302],[158.12,74.7524],[158.11,130.6776],[158.1,319.2156],[158.09,159.6161],[158.08,95.6956],[158.07,343.3958],[158.06,22.941],[158.05,27.8706],[158.04,85.8784]],"asks":[[158.24,27.2161],[158.25,138.912],[158.26,72.1048],[158.27,83.9076],[158.28,68.8781],[158.29,68.2708],[158.3,111.8576],[158.31,216.2915],[158.32,84.0773],[158.33,40.01],[158.34,23.8378],[158.35,93.8322],[158.36,167.4497],[158.37,55.0486],[158.38,79.097],[158.39,40.1822],[158.4,112.4648],[158.41,114.5632],[158.42,316.347],[158.43,80.04]]},"raw":{}}
{"exchange":"bybit","instance_id":"A","symbol":"SOL-USD","event_ts":1762349856.356,"seq":53151928,"depth":{"last_seq":53151928,"bids":[[158.22,34.6],[158.21,37.45],[158.2,44.9986],[158.19,93.6316],[158.18,50.0856],[158.17,92.2287],[158.16,40.1253],[158.15,50.4662],[158.14,73.2062],[158.13,10.4092],[158.12,259.136],[158.11,90.557],[158.1,239.5973],[158.09,199.7396],[158.08,175.3189],[158.07,343.3958],[158.06,22.941],[158.05,27.8706],[158.04,85.8784],[158.03,63.3623]],"asks":[[158.23,167.9727],[158.24,74.1786],[158.25,70.5126],[158.26,72.1048],[158.27,83.9076],[158.28,68.8781],[158.29,68.2708],[158.3,88.8579],[158.31,188.2915],[158.32,80.9649],[158.33,38.8785],[158.34,12.7798],[158.35,77.7764],[158.36,167.4497],[158.37,46.3351],[158.38,158.7203],[158.39,40.1822],[158.4,73.6295],[158.41,114.5632],[158.42,316.347]]},"raw":{}}
{"exchange":"bybit","instance_id":"A","symbol":"SOL-USD","event_ts":1762349856.376,"seq":53151929,"depth":{"last_seq":53151929,"bids":[[158.22,34.6],[158.21,17.9802],[158.2,55.2156],[158.19,102.738],[158.18,50.0856],[158.17,93.3602],[158.16,40.1253],[158.15,50.4662],[158.14,73.2062],[158.13,10.4092],[158.12,247.4734],[158.11,90.557],[158.1,247.1954],[158.09,56.0736],[158.08,175.3189],[158.07,343.3958],[158.06,22.941],[158.05,171.5365],[158.04,85.8784],[158.03,63.3623]],"asks":[[158.23,167.9727],[158.24,66.5388],[158.25,70.5126],[158.26,72.1048],[158.27,85.0391],[158.28,68.8781],[158.29,59.8765],[158.3,92.0181],[158.31,188.2915],[158.32,80.9649],[158.33,38.8785],[158.34,16.5918],[158.35,77.7764],[158.36,167.4497],[158.37,87.8689],[158.38,158.7203],[158.39,14.0024],[158.4,73.6295],[158.41,114.5632],[158.42,316.347]]},"raw":{}}
{"exchange":"bybit","instance_id":"A","symbol":"SOL-USD","event_ts":1762349856.396,"seq":53151930,"depth":{"last_seq":53151930,"bids":[[158.22,34.6],[158.21,17.9802],[158.2,55.2156],[158.19,102.4221],[158.18,50.4015],[158.17,93.3602],[158.16,40.1253],[158.15,50.4662],[158.14,73.2062],[158.13,10.4092],[158.12,247.4734],[158.11,90.557],[158.1,205.3942],[158.09,56.0736],[158.08,175.3189],[158.07,343.3958],[158.06,22.941],[158.05,171.5365],[158.04,85.8784],[158.03,63.3623]],"asks":[[158.23,167.9727],[158.24,66.5388],[158.25,70.5126],[158.26,72.1048],[158.27,83.9076],[158.28,68.8781],[158.29,59.8765],[158.3,103.0784],[158.31,188.2915],[158.32,81.2808],[158.33,49.6229],[158.34,16.5918],[158.35,77.7764],[158.36,167.4497],[158.37,87.8689],[158.38,158.7203],[158.39,14.0024],[158.4,73.6295],[158.41,114.5632],[158.42,316.347]]},"raw":{}}
{"exchange":"bybit","instance_id":"A","symbol":"SOL-USD","event_ts":1762349856.417,"seq":53151931,"depth":{"last_seq":53151931,"bids":[[158.22,34.6],[158.21,17.9802],[158.2,55.2156],[158.19,83.418],[158.18,69.3486],[158.17,93.3602],[158.16,40.1253],[158.15,50.4662],[158.14,70.046],[158.13,13.5695],[158.12,247.4734],[158.11,90.557],[158.1,205.3942],[158.09,56.0736],[158.08,175.3189],[158.07,343.3958],[158.06,22.941],[158.05,171.5365],[158.04,85.8784],[158.03,63.3623]],"asks":[[158.23,167.9727],[158.24,66.5388],[158.25,80.4216],[158.26,72.1048],[158.27,73.9996],[158.28,68.7476],[158.29,59.8765],[158.3,246.7866],[158.31,44.6016],[158.32,122.0638],[158.33,49.6229],[158.34,16.5918],[158.35,36.9934],[158.36,167.4497],[158.37,87.8689],[158.38,158.7203],[158.39,14.0024],[158.4,73.6295],[158.41,114.5632],[158.42,316.347]]},"raw":{}}
{"exchange":"bybit","instance_id":"A","symbol":"SOL-USD","event_ts":1762349856.436,"seq":53151932,"depth":{"last_seq":53151932,"bids":[[158.22,34.6],[158.21,17.9802],[158.2,55.1733],[158.19,78.9154],[158.18,69.3486],[158.17,93.3602],[158.16,40.1253],[158.15,50.4662],[158.14,73.2064],[158.13,10.4092],[158.12,13.3957],[158.11,263.278],[158.1,266.7509],[158.09,56.0736],[158.08,175.3189],[158.07,343.3958],[158.06,22.941],[158.05,171.5365],[158.04,85.8784],[158.03,63.3623]],"asks":[[158.23,167.9727],[158.24,66.5388],[158.25,80.4216],[158.26,72.1048],[158.27,73.9996],[158.28,68.7476],[158.29,59.8765],[158.3,195.4088],[158.31,44.6016],[158.32,122.0638],[158.33,49.6229],[158.34,82.2294],[158.35,36.9934],[158.36,101.8121],[158.37,87.8689],[158.38,158.7203],[158.39,15.2653],[158.4,73.6295],[158.41,114.5632],[158.42,316.347]]},"raw":{}}
{"exchange":"bybit","instance_id":"A","symbol":"SOL-USD","event_ts":1762349856.456,"seq":53151933,"depth":{"last_seq":53151933,"bids":[[158.22,34.6],[158.21,17.9802],[158.2,55.1733],[158.19,78.9154],[158.18,69.3486],[158.17,93.3602],[158.16,21.1924],[158.15,50.4662],[158.14,73.2064],[158.13,10.4092],[158.12,13.3957],[158.11,263.278],[158.1,266.7509],[158.09,56.0736],[158.08,175.3189],[158.07,343.3958],[158.06,22.941],[158.05,171.5365],[158.04,85.8784],[158.03,63.3623]],"asks":[[158.23,167.9727],[158.24,66.5388],[158.25,80.4216],[158.26,72.1048],[158.27,73.9996],[158.28,68.7476],[158.29,59.8765],[158.3,195.4088],[158.31,44.6016],[158.32,122.0638],[158.33,49.6229],[158.34,82.2294],[158.35,36.9934],[158.36,101.8121],[158.37,87.8689],[158.38,158.7203],[158.39,15.2653],[158.4,73.6295],[158.41,114.5632],[158.42,316.347]]},"raw":{}}
{"exchange":"bybit","instance_id":"A","symbol":"SOL-USD","event_ts":1762349856.476,"seq":53151934,"depth":{"last_seq":53151934,"bids":[[158.22,34.6],[158.21,17.9802],[158.2,55.1733],[158.19,78.9154],[158.18,69.0327],[158.17,93.6761],[158.16,21.1924],[158.15,50.4662],[158.14,73.2064],[158.13,10.4092],[158.12,13.3957],[158.11,263.278],[158.1,266.7509],[158.09,56.0736],[158.08,175.3189],[158.07,343.3958],[158.06,22.941],[158.05,171.5365],[158.04,85.8784],[158.03,63.3623]],"asks":[[158.23,167.9727],[158.24,66.5388],[158.25,80.4216],[158.26,72.1048],[158.27,73.9996],[158.28,68.7476],[158.29,59.8765],[158.3,197.1096],[158.31,43.2167],[158.32,121.7479],[158.33,49.6229],[158.34,82.2294],[158.35,36.9934],[158.36,101.8121],[158.37,87.8689],[158.38,158.7203],[158.39,15.2653],[158.4,73.6295],[158.41,114.5632],[158.42,316.347]]},"raw":{}}
{"exchange":"bybit","instance_id":"A","symbol":"SOL-USD","event_ts":1762349856.497,"seq":53151935,"depth":{"last_seq":53151935,"bids":[[158.22,34.6],[158.21,17.9802],[158.2,55.1733],[158.19,78.9154],[158.18,69.0327],[158.17,93.6761],[158.16,21.1924],[158.15,50.4662],[158.14,73.2064],[158.13,10.4092],[158.12,13.3957],[158.11,263.278],[158.1,266.7509],[158.09,56.0736],[158.08,175.3189],[158.07,343.3958],[158.06,22.941],[158.05,171.5365],[158.04,85.8784],[158.03,63.3623]],"asks":[[158.23,167.9727],[158.24,66.5388],[158.25,93.0607],[158.26,72.1048],[158.27,61.3623],[158.28,69.8791],[158.29,59.8765],[158.3,197.1096],[158.31,43.2167],[158.32,121.7479],[158.33,49.6229],[158.34,82.2294],[158.35,36.9934],[158.36,101.8121],[158.37,87.8689],[158.38,158.7203],[158.39,15.2653],[158.4,73.6295],[158.41,114.5632],[158.42,316.347]]},"raw":{}}
{"exchange":"bybit","instance_id":"A","symbol":"SOL-USD","event_ts":1762349856.517,"seq":53151936,"depth":{"last_seq":53151936,"bids":[[158.22,34.6],[158.21,17.9802],[158.2,55.1733],[158.19,78.9154],[158.18,69.0327],[158.17,93.6761],[158.16,21.1924],[158.15,50.4662],[158.14,73.2064],[158.13,10.4092],[158.12,13.3957],[158.11,263.278],[158.1,266.7509],[158.09,56.0736],[158.08,172.3189],[158.07,343.3958],[158.06,22.941],[158.05,171.5365],[158.04,85.8784],[158.03,63.3623]],"asks":[[158.23,167.9727],[158.24,66.5388],[158.25,93.0607],[158.26,65.1997],[158.27,61.3623],[158.28,69.8791],[158.29,59.8765],[158.3,197.1096],[158.31,43.2167],[158.32,121.7479],[158.33,49.6229],[158.34,82.2294],[158.35,36.9934],[158.36,101.8121],[158.37,87.8689],[158.38,158.7203],[158.39,15.2653],[158.4,73.6295],[158.41,114.5632],[158.42,316.347]]},"raw":{}}
{"exchange":"bybit","instance_id":"A","symbol":"SOL-USD","event_ts":1762349856.536,"seq":53151937,"depth":{"last_seq":53151937,"bids":[[158.22,64.19],[158.21,17.9802],[158.2,55.1733],[158.19,78.9154],[158.18,69.0327],[158.17,93.6761],[158.16,21.1924],[158.15,50.4662],[158.14,73.2064],[158.13,10.4092],[158.12,186.1167],[158.11,90.557],[158.1,266.7509],[158.09,56.0736],[158.08,172.3189],[158.07,343.3958],[158.06,22.941],[158.05,171.5365],[158.04,85.8784],[158.03,63.3623]],"asks":[[158.23,167.9727],[158.24,66.5388],[158.25,93.0607],[158.26,65.1997],[158.27,61.3623],[158.28,68.7476],[158.29,59.8765],[158.3,193.9493],[158.31,46.377],[158.32,121.7479],[158.33,49.6229],[158.34,82.2294],[158.35,36.9934],[158.36,101.8121],[158.37,87.8689],[158.38,158.7203],[158.39,15.2653],[158.4,73.6295],[158.41,114.5632],[158.42,316.347]]},"raw":{}}
{"exchange":"bybit","instance_id":"A","symbol":"SOL-USD","event_ts":1762349856.576,"seq":53151938,"depth":{"last_seq":53151938,"bids":[[158.22,64.19],[158.21,17.9802],[158.2,55.1733],[158.19,78.9154],[158.18,69.0327],[158.17,93.6761],[158.16,21.1924],[158.15,50.4662],[158.14,73.2064],[158.13,10.4092],[158.12,186.1167],[158.11,90.557],[158.1,266.7509],[158.09,56.0736],[158.08,172.3189],[158.07,343.3958],[158.06,22.941],[158.05,171.5365],[158.04,85.8784],[158.03,63.3623]],"asks":[[158.23,167.9727],[158.24,66.5388],[158.25,93.0607],[158.26,65.1997],[158.27,61.5264],[158.28,68.7476],[158.29,59.8765],[158.3,193.9493],[158.31,46.377],[158.32,121.7479],[158.33,49.6229],[158.34,82.2294],[158.35,36.9934],[158.36,101.8121],[158.37,87.8689],[158.38,158.7203],[158.39,15.2653],[158.4,73.6295],[158.41,114.5632],[158.42,316.347]]},"raw":{}}
{"exchange":"bybit","instance_id":"A","symbol":"SOL-USD","event_ts":1762349856.597,"seq":53151939,"depth":{"last_seq":53151939,"bids":[[158.22,64.19],[158.21,27.8892],[158.2,55.1733],[158.19,78.9154],[158.18,69.0327],[158.17,93.6761],[158.16,21.1924],[158.15,50.4662],[158.14,73.2064],[158.13,10.4092],[158.12,186.1167],[158.11,90.557],[158.1,266.7509],[158.09,56.0736],[158.08,172.3189],[158.07,343.3958],[158.06,22.941],[158.05,171.5365],[158.04,85.8784],[158.03,63.3623]],"asks":[[158.23,167.9727],[158.24,66.5388],[158.25,93.0607],[158.26,65.1997],[158.27,61.5264],[158.28,68.7476],[158.29,59.8765],[158.3,193.9493],[158.31,46.377],[158.32,121.7479],[158.33,49.6229],[158.34,82.2294],[158.35,36.9934],[158.36,101.8121],[158.37,87.8689],[158.38,158.7203],[158.39,15.2653],[158.4,73.6295],[158.41,114.5632],[158.42,316.347]]},"raw":{}}
{"exchange":"bybit","instance_id":"A","symbol":"SOL-USD","event_ts":1762349856.617,"seq":53151940,"depth":{"last_seq":53151940,"bids":[[158.22,64.19],[158.21,27.8892],[158.2,55.1733],[158.19,75.756],[158.18,69.0327],[158.17,93.6761],[158.16,21.1924],[158.15,50.4662],[158.14,73.2064],[158.13,10.4092],[158.12,186.1167],[158.11,90.557],[158.1,266.255],[158.09,56.0736],[158.08,172.8148],[158.07,343.3958],[158.06,22.941],[158.05,171.5365],[158.04,85.8784],[158.03,63.3623]],"asks":[[158.23,167.9727],[158.24,66.5388],[158.25,93.0607],[158.26,65.1997],[158.27,61.5264],[158.28,68.7476],[158.29,59.8765],[158.3,193.9493],[158.31,46.377],[158.32,121.7479],[158.33,49.6229],[158.34,82.2294],[158.35,36.9934],[158.36,101.8121],[158.37,87.8689],[158.38,158.7203],[158.39,15.2653],[158.4,73.6295],[158.41,114.5632],[158.42,316.347]]},"raw":{}}
{"exchange":"bybit","instance_id":"A","symbol":"SOL-USD","event_ts":1762349856.636,"seq":53151941,"depth":{"last_seq":53151941,"bids":[[158.22,64.19],[158.21,27.8892],[158.2,44.9563],[158.19,75.756],[158.18,69.0327],[158.17,92.5446],[158.16,21.1924],[158.15,50.4662],[158.14,70.046],[158.13,13.5696],[158.12,186.1167],[158.11,90.557],[158.1,266.255],[158.09,55.5778],[158.08,172.8148],[158.07,343.8917],[158.06,22.941],[158.05,171.5365],[158.04,85.8784],[158.03,63.3623]],"asks":[[158.23,167.9727],[158.24,66.5388],[158.25,93.0607],[158.26,65.1997],[158.27,61.5264],[158.28,68.7476],[158.29,61.5773],[158.3,195.4088],[158.31,43.2167],[158.32,121.7479],[158.33,49.6229],[158.34,82.2294],[158.35,36.9934],[158.36,101.8121],[158.37,87.8689],[158.38,158.7203],[158.39,15.2653],[158.4,73.6295],[158.41,114.5632],[158.42,316.347]]},"raw":{}}
{"exchange":"bybit","instance_id":"A","symbol":"SOL-USD","event_ts":1762349856.657,"seq":53151942,"depth":{"last_seq":53151942,"bids":[[158.22,64.19],[158.21,27.8892],[158.2,44.9563],[158.19,75.756],[158.18,69.0327],[158.17,87.7926],[158.16,21.1924],[158.15,50.4662],[158.14,70.046],[158.13,13.5696],[158.12,13.3957],[158.11,265.2689],[158.1,266.255],[158.09,55.5778],[158.08,172.8148],[158.07,343.8917],[158.06,22.941],[158.05,171.5365],[158.04,85.8784],[158.03,63.3623]],"asks":[[158.23,167.9727],[158.24,66.5388],[158.25,93.0607],[158.26,65.1997],[158.27,61.5264],[158.28,69.8791],[158.29,61.5773],[158.3,195.4088],[158.31,43.2167],[158.32,121.7479],[158.33,49.6229],[158.34,82.2294],[158.35,36.9934],[158.36,101.8121],[158.37,87.8689],[158.38,158.7203],[158.39,82.6774],[158.4,73.6295],[158.41,114.5632],[158.42,316.347]]},"raw":{}}
{"exchange":"bybit","instance_id":"A","symbol":"SOL-USD","event_ts":1762349856.676,"seq":53151943,"depth":{"last_seq":53151943,"bids":[[158.22,8.25],[158.21,47.5892],[158.2,64.6563],[158.19,75.756],[158.18,69.0327],[158.17,87.7926],[158.16,21.1924],[158.15,50.4662],[158.14,70.046],[158.13,13.5696],[158.12,13.3957],[158.11,265.2689],[158.1,266.255],[158.09,55.5778],[158.08,172.8148],[158.07,343.8917],[158.06,22.941],[158.05,171.5365],[158.04,85.8784],[158.03,63.3623]],"asks":[[158.23,167.9727],[158.24,66.5388],[158.25,93.0607],[158.26,65.1997],[158.27,61.5264],[158.28,69.8791],[158.29,61.5773],[158.3,195.4088],[158.31,43.2167],[158.32,121.7479],[158.33,49.6229],[158.34,82.2294],[158.35,36.9934],[158.36,101.8121],[158.37,87.8689],[158.38,158.7203],[158.39,82.6774],[158.4,73.6295],[158.41,114.5632],[158.42,298.9041]]},"raw":{}}
{"exchange":"bybit","instance_id":"A","symbol":"SOL-USD","event_ts":1762349856.696,"seq":53151944,"depth":{"last_seq":53151944,"bids":[[158.22,8.25],[158.21,57.4673],[158.2,64.6563],[158.19,75.756],[158.18,69.0327],[158.17,87.7926],[158.16,24.7373],[158.15,50.4662],[158.14,70.046],[158.13,13.5696],[158.12,13.3957],[158.11,265.2689],[158.1,266.255],[158.09,55.5778],[158.08,172.8148],[158.07,343.8917],[158.06,22.941],[158.05,171.5365],[158.04,85.8784],[158.03,63.3623]],"asks":[[158.23,167.9727],[158.24,79.1782],[158.25,80.4216],[158.26,65.1997],[158.27,61.5264],[158.28,69.8791],[158.29,61.5773],[158.3,195.4088],[158.31,43.2167],[158.32,121.7479],[158.33,49.6229],[158.34,82.2294],[158.35,36.9934],[158.36,101.8121],[158.37,87.8689],[158.38,158.7203],[158.39,82.6774],[158.4,73.6295],[158.41,114.5632],[158.42,298.9041]]},"raw":{}}
{"exchange":"bybit","instance_id":"A","symbol":"SOL-USD","event_ts":1762349856.716,"seq":53151945,"depth":{"last_seq":53151945,"bids":[[158.22,8.25],[158.21,57.4673],[158.2,64.6563],[158.19,75.756],[158.18,69.0327],[158.17,88.9241],[158.16,24.7373],[158.15,50.4662],[158.14,70.046],[158.13,13.5696],[158.12,13.3957],[158.11,265.2689],[158.1,266.255],[158.09,55.5778],[158.08,172.8148],[158.07,343.8917],[158.06,22.941],[158.05,171.5365],[158.04,85.8784],[158.03,63.3623]],"asks":[[158.23,167.9727],[158.24,79.1782],[158.25,80.4216],[158.26,65.1997],[158.27,61.5264],[158.28,69.8791],[158.29,61.5773],[158.3,195.4088],[158.31,43.2167],[158.32,121.7479],[158.33,49.6229],[158.34,82.2294],[158.35,36.9934],[158.36,101.8121],[158.37,87.8689],[158.38,158.7203],[158.39,82.6774],[158.4,73.6295],[158.41,114.5632],[158.42,298.9041]]},"raw":{}}
{"exchange":"bybit","instance_id":"A","symbol":"SOL-USD","event_ts":1762349856.737,"seq":53151946,"depth":{"last_seq":53151946,"bids":[[158.22,34.6],[158.21,57.4673],[158.2,64.6563],[158.19,75.756],[158.18,69.0327],[158.17,88.9241],[158.16,24.7373],[158.15,50.4662],[158.14,70.046],[158.13,17.2656],[158.12,13.3957],[158.11,265.2689],[158.1,266.255],[158.09,55.5778],[158.08,172.8148],[158.07,343.8917],[158.06,22.941],[158.05,171.5365],[158.04,85.8784],[158.03,63.3623]],"asks":[[158.23,167.9727],[158.24,66.5388],[158.25,93.0609],[158.26,65.1997],[158.27,61.5264],[158.28,69.8791],[158.29,61.5773],[158.3,195.4088],[158.31,43.2167],[158.32,121.7479],[158.33,49.6229],[158.34,82.2294],[158.35,36.9934],[158.36,101.8121],[158.37,87.8689],[158.38,158.7203],[158.39,82.6774],[158.4,73.6295],[158.41,114.5632],[158.42,298.9041]]},"raw":{}}
{"exchange":"bybit","instance_id":"A","symbol":"SOL-USD","event_ts":1762349856.756,"seq":53151947,"depth":{"last_seq":53151947,"bids":[[158.22,34.6],[158.21,57.4673],[158.2,64.6563],[158.19,75.6643],[158.18,69.1246],[158.17,88.9241],[158.16,24.7373],[158.15,50.4662],[158.14,70.046],[158.13,17.2656],[158.12,13.3957],[158.11,265.2689],[158.1,266.255],[158.09,55.5778],[158.08,172.8148],[158.07,343.8917],[158.06,22.941],[158.05,171.5365],[158.04,85.8784],[158.03,63.3623]],"asks":[[158.23,167.9727],[158.24,66.5388],[158.25,93.0609],[158.26,65.1997],[158.27,61.5264],[158.28,69.8791],[158.29,61.5773],[158.3,195.4088],[158.31,43.2167],[158.32,124.6279],[158.33,49.6229],[158.34,82.2294],[158.35,36.9934],[158.36,101.8121],[158.37,87.8689],[158.38,158.7203],[158.39,82.6774],[158.4,73.6295],[158.41,114.5632],[158.42,298.9041]]},"raw":{}}
{"exchange":"bybit","instance_id":"A","symbol":"SOL-USD","event_ts":1762349856.796,"seq":53151948,"depth":{"last_seq":53151948,"bids":[[158.22,34.6],[158.21,57.4673],[158.2,64.6563],[158.19,75.7497],[158.18,69.0327],[158.17,88.9241],[158.16,24.7373],[158.15,50.4662],[158.14,70.046],[158.13,17.2656],[158.12,13.3957],[158.11,265.2689],[158.1,266.255],[158.09,55.5778],[158.08,172.8148],[158.07,343.8917],[158.06,22.941],[158.05,171.5365],[158.04,85.8784],[158.03,63.3623]],"asks":[[158.23,167.9727],[158.24,66.5388],[158.25,93.0609],[158.26,65.1997],[158.27,61.5264],[158.28,69.8791],[158.29,61.5773],[158.3,195.4088],[158.31,43.2167],[158.32,124.6279],[158.33,49.6229],[158.34,82.2294],[158.35,36.9934],[158.36,101.8121],[158.37,87.8689],[158.38,158.7203],[158.39,82.6774],[158.4,73.6295],[158.41,114.5632],[158.42,298.9041]]},"raw":{}}
{"exchange":"bybit","instance_id":"A","symbol":"SOL-USD","event_ts":1762349856.836,"seq":53151949,"depth":{"last_seq":53151949,"bids":[[158.22,34.6],[158.21,57.4673],[158.2,64.6563],[158.19,75.7497],[158.18,69.0327],[158.17,88.9241],[158.16,24.7373],[158.15,50.4662],[158.14,70.046],[158.13,17.2656],[158.12,13.3957],[158.11,265.2689],[158.1,266.255],[158.09,55.5778],[158.08,172.8148],[158.07,343.8917],[158.06,22.941],[158.05,171.5365],[158.04,85.8784],[158.03,63.3623]],"asks":[[158.23,167.9727],[158.24,66.5388],[158.25,93.0609],[158.26,65.1997],[158.27,61.5264],[158.28,71.5799],[158.29,59.8765],[158.3,195.4088],[158.31,43.2167],[158.32,124.6279],[158.33,49.6229],[158.34,82.2294],[158.35,36.9934],[158.36,101.8121],[158.37,87.8689],[158.38,158.7203],[158.39,82.6774],[158.4,73.6295],[158.41,114.5632],[158.42,298.9041]]},"raw":{}}
{"exchange":"bybit","instance_id":"A","symbol":"SOL-USD","event_ts":1762349856.856,"seq":53151950,"depth":{"last_seq":53151950,"bids":[[158.22,34.6],[158.21,57.4673],[158.2,64.6563],[158.19,75.7497],[158.18,69.0327],[158.17,88.9241],[158.16,24.7373],[158.15,50.4662],[158.14,70.046],[158.13,17.2656],[158.12,13.3957],[158.11,265.2689],[158.1,266.255],[158.09,55.5778],[158.08,172.8148],[158.07,343.8917],[158.06,22.941],[158.05,171.5365],[158.04,85.8784],[158.03,63.3623]],"asks":[[158.23,167.9727],[158.24,66.5388],[158.25,93.0609],[158.26,65.1997],[158.27,61.5264],[158.28,69.8791],[158.29,61.5773],[158.3,195.4088],[158.31,43.2167],[158.32,124.6279],[158.33,49.6229],[158.34,82.2294],[158.35,36.9934],[158.36,101.8121],[158.37,87.8689],[158.38,158.7203],[158.39,82.6774],[158.4,73.6295],[158.41,114.5632],[158.42,298.9041]]},"raw":{}}
{"exchange":"bybit","instance_id":"A","symbol":"SOL-USD","event_ts":1762349856.876,"seq":53151951,"depth":{"last_seq":53151951,"bids":[[158.22,64.5061],[158.21,57.4673],[158.2,64.6563],[158.19,75.7497],[158.18,69.0327],[158.17,88.9241],[158.16,24.7373],[158.15,50.4662],[158.14,70.046],[158.13,17.2656],[158.12,13.3957],[158.11,265.2689],[158.1,266.255],[158.09,55.5778],[158.08,172.8148],[158.07,343.8917],[158.06,22.941],[158.05,171.5365],[158.04,85.8784],[158.03,63.3623]],"asks":[[158.23,167.9727],[158.24,66.5388],[158.25,93.0609],[158.26,65.1997],[158.27,61.5264],[158.28,71.5799],[158.29,59.8765],[158.3,195.4088],[158.31,43.2167],[158.32,124.6279],[158.33,49.6229],[158.34,82.2294],[158.35,36.9934],[158.36,101.8121],[158.37,87.8689],[158.38,158.7203],[158.39,82.6774],[158.4,73.6295],[158.41,114.5632],[158.42,298.9041]]},"raw":{}}
{"exchange":"bybit","instance_id":"A","symbol":"SOL-USD","event_ts":1762349856.896,"seq":53151952,"depth":{"last_seq":53151952,"bids":[[158.22,64.5061],[158.21,57.4673],[158.2,64.6563],[158.19,75.7497],[158.18,69.0327],[158.17,88.9241],[158.16,24.7373],[158.15,50.4662],[158.14,70.046],[158.13,17.2656],[158.12,13.3957],[158.11,265.2689],[158.1,266.255],[158.09,55.5778],[158.08,172.8148],[158.07,343.8917],[158.06,22.941],[158.05,171.5365],[158.04,85.8784],[158.03,63.3623]],"asks":[[158.23,167.9727],[158.24,79.1778],[158.25,80.4216],[158.26,65.1997],[158.27,61.5264],[158.28,71.5799],[158.29,59.8765],[158.3,195.4088],[158.31,43.2167],[158.32,124.6279],[158.33,49.6229],[158.34,82.2294],[158.35,36.9934],[158.36,101.8121],[158.37,87.8689],[158.38,158.7203],[158.39,82.6774],[158.4,73.6295],[158.41,114.5632],[158.42,298.9041]]},"raw":{}}
{"exchange":"bybit","instance_id":"A","symbol":"SOL-USD","event_ts":1762349856.916,"seq":53151953,"depth":{"last_seq":53151953,"bids":[[158.22,64.5061],[158.21,57.4673],[158.2,64.6563],[158.19,75.7497],[158.18,69.0327],[158.17,88.9241],[158.16,24.7373],[158.15,50.5232],[158.14,70.046],[158.13,17.2656],[158.12,13.3957],[158.11,265.2689],[158.1,266.255],[158.09,55.5778],[158.08,172.8148],[158.07,343.8917],[158.06,22.941],[158.05,171.5365],[158.04,85.8784],[158.03,63.3623]],"asks":[[158.23,167.9727],[158.24,79.1778],[158.25,80.4216],[158.26,65.1997],[158.27,61.5264],[158.28,71.5799],[158.29,59.8765],[158.3,195.4088],[158.31,43.2167],[158.32,124.6849],[158.33,49.6229],[158.34,82.2294],[158.35,36.9934],[158.36,101.7551],[158.37,87.8689],[158.38,158.7203],[158.39,82.6774],[158.4,73.6295],[158.41,114.5632],[158.42,298.9041]]},"raw":{}}
{"exchange":"bybit","instance_id":"A","symbol":"SOL-USD","event_ts":1762349856.936,"seq":53151954,"depth":{"last_seq":53151954,"bids":[[158.22,64.5061],[158.21,57.4673],[158.2,64.6563],[158.19,75.7497],[158.18,69.0327],[158.17,88.9241],[158.16,24.7373],[158.15,50.5232],[158.14,70.046],[158.13,17.2656],[158.12,13.3957],[158.11,265.2689],[158.1,266.255],[158.09,55.5778],[158.08,172.8148],[158.07,343.8917],[158.06,22.941],[158.05,171.5365],[158.04,85.8784],[158.03,63.3623]],"asks":[[158.23,168.0727],[158.24,79.1778],[158.25,80.3216],[158.26,65.1997],[158.27,61.5264],[158.28,71.5799],[158.29,59.8765],[158.3,195.4088],[158.31,43.2167],[158.32,124.6849],[158.33,49.6229],[158.34,82.2294],[158.35,36.9934],[158.36,101.7551],[158.37,87.8689],[158.38,158.7203],[158.39,82.6774],[158.4,73.6295],[158.41,114.5632],[158.42,298.9041]]},"raw":{}}
{"exchange":"bybit","instance_id":"A","symbol":"SOL-USD","event_ts":1762349857.016,"seq":53151955,"depth":{"last_seq":53151955,"bids":[[158.22,64.5061],[158.21,57.4673],[158.2,64.6563],[158.19,75.7497],[158.18,69.0327],[158.17,88.9241],[158.16,24.7373],[158.15,50.5232],[158.14,70.046],[158.13,17.2656],[158.12,13.3957],[158.11,265.2689],[158.1,266.255],[158.09,55.5778],[158.08,172.8148],[158.07,343.8917],[158.06,22.941],[158.05,171.5365],[158.04,85.8784],[158.03,63.3623]],"asks":[[158.23,168.0727],[158.24,79.1778],[158.25,80.3216],[158.26,65.1997],[158.27,61.5264],[158.28,70.4484],[158.29,59.8765],[158.3,195.4088],[158.31,43.2167],[158.32,124.6849],[158.33,49.6229],[158.34,82.2294],[158.35,36.9934],[158.36,101.7551],[158.37,87.8689],[158.38,158.7203],[158.39,82.6774],[158.4,73.6295],[158.41,114.5632],[158.42,298.9041]]},"raw":{}}
{"exchange":"bybit","instance_id":"A","symbol":"SOL-USD","event_ts":1762349857.096,"seq":53151956,"depth":{"last_seq":53151956,"bids":[[158.22,64.5061],[158.21,57.4673],[158.2,64.6563],[158.19,75.7497],[158.18,69.0327],[158.17,88.9241],[158.16,24.7373],[158.15,50.5232],[158.14,73.2064],[158.13,14.1052],[158.12,13.3957],[158.11,265.2689],[158.1,266.255],[158.09,55.5778],[158.08,172.8148],[158.07,343.8917],[158.06,22.941],[158.05,171.5365],[158.04,85.8784],[158.03,63.3623]],"asks":[[158.23,168.0727],[158.24,79.1778],[158.25,80.3216],[158.26,65.1997],[158.27,61.5264],[158.28,71.5799],[158.29,59.8765],[158.3,195.4088],[158.31,43.2167],[158.32,124.6849],[158.33,49.6229],[158.34,82.2294],[158.35,36.9934],[158.36,101.7551],[158.37,87.8689],[158.38,158.7203],[158.39,82.6774],[158.4,73.6295],[158.41,114.5632],[158.42,298.9041]]},"raw":{}}
{"exchange":"bybit","instance_id":"A","symbol":"SOL-USD","event_ts":1762349857.136,"seq":53151957,"depth":{"last_seq":53151957,"bids":[[158.22,64.5061],[158.21,57.4673],[158.2,64.6563],[158.19,75.7497],[158.18,69.0327],[158.17,88.9241],[158.16,24.7373],[158.15,50.5232],[158.14,73.2064],[158.13,14.1052],[158.12,13.3957],[158.11,265.2689],[158.1,266.255],[158.09,55.5778],[158.08,172.8148],[158.07,343.8917],[158.06,22.941],[158.05,171.5365],[158.04,85.8784],[158.03,63.3623]],"asks":[[158.23,168.0727],[158.24,79.1778],[158.25,80.3216],[158.26,65.1997],[158.27,61.5264],[158.28,70.4484],[158.29,59.8765],[158.3,195.4088],[158.31,43.2167],[158.32,124.6849],[158.33,49.6229],[158.34,82.2294],[158.35,36.9934],[158.36,101.7551],[158.37,87.8689],[158.38,158.7203],[158.39,82.6774],[158.4,73.6295],[158.41,114.5632],[158.42,298.9041]]},"raw":{}}
{"exchange":"bybit","instance_id":"A","symbol":"SOL-USD","event_ts":1762349857.156,"seq":53151958,"depth":{"last_seq":53151958,"bids":[[158.22,64.5061],[158.21,57.4673],[158.2,64.6563],[158.19,75.7497],[158.18,69.0327],[158.17,88.9241],[158.16,24.7373],[158.15,50.5232],[158.14,70.046],[158.13,17.2656],[158.12,13.3957],[158.11,265.2689],[158.1,266.255],[158.09,55.5778],[158.08,172.8148],[158.07,343.8917],[158.06,22.941],[158.05,171.5365],[158.04,85.8784],[158.03,63.3623]],"asks":[[158.23,168.0727],[158.24,79.1778],[158.25,80.3216],[158.26,65.1997],[158.27,61.5264],[158.28,70.4484],[158.29,59.8765],[158.3,195.4088],[158.31,43.2167],[158.32,124.6849],[158.33,49.6229],[158.34,82.2294],[158.35,36.9934],[158.36,101.7551],[158.37,87.8689],[158.38,158.7203],[158.39,82.6774],[158.4,73.6295],[158.41,114.5632],[158.42,298.9041]]},"raw":{}}
{"exchange":"bybit","instance_id":"A","symbol":"SOL-USD","event_ts":1762349857.176,"seq":53151959,"depth":{"last_seq":53151959,"bids":[[158.22,8.5661],[158.21,57.4673],[158.2,64.6563],[158.19,75.7497],[158.18,69.0327],[158.17,88.9241],[158.16,24.7373],[158.15,50.5232],[158.14,70.046],[158.13,17.2656],[158.12,13.3957],[158.11,265.2689],[158.1,266.255],[158.09,55.5778],[158.08,172.8148],[158.07,343.8917],[158.06,22.941],[158.05,171.5365],[158.04,85.8784],[158.03,63.3623]],"asks":[[158.23,168.0727],[158.24,79.1778],[158.25,80.3216],[158.26,65.1997],[158.27,61.5264],[158.28,70.4484],[158.29,59.8765],[158.3,195.4088],[158.31,43.2167],[158.32,124.6849],[158.33,49.6229],[158.34,82.2294],[158.35,36.9934],[158.36,101.7551],[158.37,87.8689],[158.38,158.7203],[158.39,82.6774],[158.4,73.6295],[158.41,114.5632],[158.42,298.9041]]},"raw":{}}
{"exchange":"bybit","instance_id":"A","symbol":"SOL-USD","event_ts":1762349857.196,"seq":53151960,"depth":{"last_seq":53151960,"bids":[[158.22,8.5661],[158.21,57.4673],[158.2,64.6563],[158.19,75.7497],[158.18,69.0327],[158.17,88.9241],[158.16,24.7373],[158.15,50.5232],[158.14,70.046],[158.13,17.2656],[158.12,13.3957],[158.11,265.2689],[158.1,266.255],[158.09,55.5778],[158.08,172.8148],[158.07,343.8917],[158.06,22.941],[158.05,171.5365],[158.04,85.8784],[158.03,63.3623]],"asks":[[158.23,168.0727],[158.24,79.1778],[158.25,80.3216],[158.26,65.1997],[158.27,61.5264],[158.28,70.4484],[158.29,59.8765],[158.3,195.4088],[158.31,43.2167],[158.32,124.6849],[158.33,49.6229],[158.34,82.2294],[158.35,36.9934],[158.36,101.7551],[158.37,87.8689],[158.38,158.7203],[158.39,82.6774],[158.4,73.6295],[158.41,114.5632],[158.42,298.9041]]},"raw":{}}
{"exchange":"bybit","instance_id":"A","symbol":"SOL-USD","event_ts":1762349857.216,"seq":53151961,"depth":{"last_seq":53151961,"bids":[[158.22,8.5661],[158.21,57.4673],[158.2,64.6563],[158.19,75.7497],[158.18,69.0327],[158.17,88.9241],[158.16,24.7373],[158.15,50.5232],[158.14,70.046],[158.13,17.2656],[158.12,13.3957],[158.11,265.2689],[158.1,266.255],[158.09,55.5778],[158.08,172.8148],[158.07,343.8917],[158.06,22.941],[158.05,171.5365],[158.04,85.8784],[158.03,63.3623]],"asks":[[158.23,168.0727],[158.24,79.1778],[158.25,80.3216],[158.26,65.1997],[158.27,61.5264],[158.28,71.5799],[158.29,59.8765],[158.3,195.4088],[158.31,43.2167],[158.32,124.6849],[158.33,49.6229],[158.34,82.2294],[158.35,36.9934],[158.36,101.7551],[158.37,87.8689],[158.38,158.7203],[158.39,82.6774],[158.4,73.6295],[158.41,114.5632],[158.42,298.9041]]},"raw":{}}
{"exchange":"bybit","instance_id":"A","symbol":"SOL-USD","event_ts":1762349857.256,"seq":53151962,"depth":{"last_seq":53151962,"bids":[[158.22,8.5661],[158.21,57.4673],[158.2,64.6563],[158.19,75.6643],[158.18,69.3405],[158.17,88.9241],[158.16,24.7373],[158.15,50.5232],[158.14,70.046],[158.13,17.2656],[158.12,13.3957],[158.11,265.2689],[158.1,266.255],[158.09,55.5778],[158.08,172.8148],[158.07,343.8917],[158.06,22.941],[158.05,171.5365],[158.04,85.8784],[158.03,63.3623]],"asks":[[158.23,168.0727],[158.24,79.1778],[158.25,80.3216],[158.26,65.266],[158.27,61.5264],[158.28,71.5136],[158.29,59.8765],[158.3,195.4088],[158.31,43.2167],[158.32,124.6849],[158.33,49.6229],[158.34,82.2294],[158.35,36.9934],[158.36,101.7551],[158.37,87.8689],[158.38,158.7203],[158.39,82.6774],[158.4,73.6295],[158.41,114.5632],[158.42,298.9041]]},"raw":{}}
{"exchange":"bybit","instance_id":"A","symbol":"SOL-USD","event_ts":1762349857.276,"seq":53151963,"depth":{"last_seq":53151963,"bids":[[158.22,65.1561],[158.21,57.4673],[158.2,64.6563],[158.19,75.6643],[158.18,69.3405],[158.17,88.9241],[158.16,24.7373],[158.15,50.5232],[158.14,70.046],[158.13,17.2656],[158.12,13.3957],[158.11,265.2689],[158.1,266.255],[158.09,55.5778],[158.08,172.8148],[158.07,343.8917],[158.06,22.941],[158.05,171.5365],[158.04,85.8784],[158.03,63.3623]],"asks":[[158.23,168.0727],[158.24,79.1778],[158.25,80.3216],[158.26,65.266],[158.27,61.5264],[158.28,71.5136],[158.29,59.8765],[158.3,195.4088],[158.31,43.2167],[158.32,124.6849],[158.33,49.6229],[158.34,82.2294],[158.35,36.9934],[158.36,101.7551],[158.37,87.8689],[158.38,158.7203],[158.39,82.6774],[158.4,73.6295],[158.41,114.5632],[158.42,298.9041]]},"raw":{}}
{"exchange":"bybit","instance_id":"A","symbol":"SOL-USD","event_ts":1762349857.356,"seq":53151964,"depth":{"last_seq":53151964,"bids":[[158.22,65.1561],[158.21,57.4673],[158.2,64.6563],[158.19,75.7498],[158.18,69.2539],[158.17,88.9241],[158.16,24.7373],[158.15,50.5232],[158.14,70.046],[158.13,17.2656],[158.12,13.3957],[158.11,265.2689],[158.1,266.255],[158.09,55.5778],[158.08,172.8148],[158.07,343.8917],[158.06,22.941],[158.05,171.5365],[158.04,85.8784],[158.03,63.3623]],"asks":[[158.23,168.0727],[158.24,79.1778],[158.25,80.3216],[158.26,65.266],[158.27,61.5264],[158.28,71.5136],[158.29,59.8765],[158.3,195.4088],[158.31,43.2167],[158.32,124.6849],[158.33,49.6229],[158.34,82.2294],[158.35,36.9934],[158.36,101.7551],[158.37,87.8689],[158.38,158.7203],[158.39,82.6774],[158.4,73.6295],[158.41,114.5632],[158.42,298.9041]]},"raw":{}}
{"exchange":"bybit","instance_id":"A","symbol":"SOL-USD","event_ts":1762349857.376,"seq":53151965,"depth":{"last_seq":53151965,"bids":[[158.22,65.1561],[158.21,57.4673],[158.2,64.6563],[158.19,75.7498],[158.18,81.1185],[158.17,88.9241],[158.16,21.1924],[158.15,50.5232],[158.14,70.046],[158.13,17.2656],[158.12,13.3957],[158.11,265.2689],[158.1,266.255],[158.09,55.5778],[158.08,172.8148],[158.07,343.8917],[158.06,22.941],[158.05,171.5365],[158.04,85.8784],[158.03,63.3623]],"asks":[[158.23,168.0727],[158.24,79.1778],[158.25,80.3216],[158.26,65.266],[158.27,61.5264],[158.28,71.5136],[158.29,110.8151],[158.3,195.4088],[158.31,43.2167],[158.32,124.6849],[158.33,49.6229],[158.34,82.2294],[158.35,36.9934],[158.36,101.7551],[158.37,87.8689],[158.38,158.7203],[158.39,82.6774],[158.4,73.6295],[158.41,114.5632],[158.42,298.9041]]},"raw":{}}
{"exchange":"bybit","instance_id":"A","symbol":"SOL-USD","event_ts":1762349857.397,"seq":53151966,"depth":{"last_seq":53151966,"bids":[[158.22,65.1561],[158.21,57.4673],[158.2,64.6563],[158.19,75.7498],[158.18,81.1185],[158.17,88.9241],[158.16,21.1924],[158.15,50.5232],[158.14,70.046],[158.13,17.2656],[158.12,13.3957],[158.11,265.2689],[158.1,266.255],[158.09,55.5778],[158.08,172.8148],[158.07,343.8917],[158.06,22.941],[158.05,171.5365],[158.04,85.8784],[158.03,63.3623]],"asks":[[158.23,168.0727],[158.24,79.1778],[158.25,80.3216],[158.26,65.266],[158.27,61.5264],[158.28,101.9059],[158.29,110.8151],[158.3,195.4088],[158.31,43.2167],[158.32,124.6849],[158.33,49.6229],[158.34,82.2294],[158.35,36.9934],[158.36,101.7551],[158.37,87.8689],[158.38,158.7203],[158.39,82.6774],[158.4,73.6295],[158.41,114.5632],[158.42,298.9041]]},"raw":{}}
{"exchange":"bybit","instance_id":"A","symbol":"SOL-USD","event_ts":1762349857.417,"seq":53151967,"depth":{"last_seq":53151967,"bids":[[158.22,65.1561],[158.21,57.4673],[158.2,64.6563],[158.19,75.7498],[158.18,81.1185],[158.17,88.9241],[158.16,21.1924],[158.15,50.5232],[158.14,70.046],[158.13,17.2656],[158.12,13.3957],[158.11,265.2689],[158.1,266.255],[158.09,55.5778],[158.08,172.8148],[158.07,343.8917],[158.06,22.941],[158.05,171.5365],[158.04,85.8784],[158.03,63.3623]],"asks":[[158.23,168.0727],[158.24,79.1778],[158.25,80.3216],[158.26,65.266],[158.27,61.5264],[158.28,101.9059],[158.29,110.8151],[158.3,195.4088],[158.31,43.2167],[158.32,124.6849],[158.33,49.6229],[158.34,82.2294],[158.35,36.9934],[158.36,101.7551],[158.37,87.8689],[158.38,181.8528],[158.39,82.6774],[158.4,73.6295],[158.41,114.5632],[158.42,298.9041]]},"raw":{}}
{"exchange":"bybit","instance_id":"A","symbol":"SOL-USD","event_ts":1762349857.436,"seq":53151968,"depth":{"last_seq":53151968,"bids":[[158.22,65.1561],[158.21,57.4673],[158.2,64.6563],[158.19,75.7498],[158.18,81.1185],[158.17,88.9241],[158.16,21.1924],[158.15,50.5232],[158.14,70.046],[158.13,17.2656],[158.12,13.3957],[158.11,265.2689],[158.1,266.255],[158.09,55.5778],[158.08,172.8148],[158.07,343.8917],[158.06,22.941],[158.05,171.5365],[158.04,85.8784],[158.03,63.3623]],"asks":[[158.23,168.0727],[158.24,79.1778],[158.25,80.3216],[158.26,65.266],[158.27,61.5264],[158.28,100.7744],[158.29,110.8151],[158.3,195.4088],[158.31,43.2167],[158.32,124.6849],[158.33,49.6229],[158.34,82.2294],[158.35,36.9934],[158.36,101.7551],[158.37,87.8689],[158.38,181.8528],[158.39,82.6774],[158.4,73.6295],[158.41,114.5632],[158.42,298.9041]]},"raw":{}}
{"exchange":"bybit","instance_id":"A","symbol":"SOL-USD","event_ts":1762349857.516,"seq":53151969,"depth":{"last_seq":53151969,"bids":[[158.22,65.1561],[158.21,57.4673],[158.2,64.6563],[158.19,75.7498],[158.18,81.1185],[158.17,88.9241],[158.16,21.1924],[158.15,50.5232],[158.14,70.046],[158.13,17.2656],[158.12,13.3957],[158.11,265.2689],[158.1,266.255],[158.09,55.5778],[158.08,172.8148],[158.07,343.8917],[158.06,22.941],[158.05,171.5365],[158.04,85.8784],[158.03,63.3623]],"asks":[[158.23,168.0727],[158.24,79.1778],[158.25,80.3216],[158.26,65.266],[158.27,61.5264],[158.28,101.9059],[158.29,110.8151],[158.3,195.4088],[158.31,43.2167],[158.32,124.6849],[158.33,49.6229],[158.34,82.2294],[158.35,36.9934],[158.36,101.7551],[158.37,87.8689],[158.38,181.8528],[158.39,82.6774],[158.4,73.6295],[158.41,114.5632],[158.42,298.9041]]},"raw":{}}
{"exchange":"bybit","instance_id":"A","symbol":"SOL-USD","event_ts":1762349857.536,"seq":53151970,"depth":{"last_seq":53151970,"bids":[[158.22,8.5661],[158.21,57.4673],[158.2,64.6563],[158.19,75.7498],[158.18,81.1185],[158.17,88.9241],[158.16,21.1924],[158.15,50.5232],[158.14,70.046],[158.13,17.2656],[158.12,13.3957],[158.11,265.2689],[158.1,266.255],[158.09,55.5778],[158.08,172.8148],[158.07,343.8917],[158.06,22.941],[158.05,171.5365],[158.04,85.8784],[158.03,63.3623]],"asks":[[158.23,168.0727],[158.24,79.1778],[158.25,80.3216],[158.26,65.266],[158.27,61.5264],[158.28,101.9059],[158.29,110.8151],[158.3,195.4088],[158.31,43.2167],[158.32,124.6849],[158.33,49.6229],[158.34,82.2294],[158.35,36.9934],[158.36,101.7551],[158.37,87.8689],[158.38,181.8528],[158.39,82.6774],[158.4,73.6295],[158.41,114.5632],[158.42,298.9041]]},"raw":{}}
{"exchange":"bybit","instance_id":"A","symbol":"SOL-USD","event_ts":1762349857.556,"seq":53151971,"depth":{"last_seq":53151971,"bids":[[158.21,44.0428],[158.2,57.0063],[158.19,75.7498],[158.18,81.1185],[158.17,84.6329],[158.16,18.0323],[158.15,50.5232],[158.14,70.046],[158.13,14.1052],[158.12,16.5563],[158.11,90.557],[158.1,440.9669],[158.09,55.5778],[158.08,172.3189],[158.07,343.8917],[158.06,23.437],[158.05,171.5365],[158.04,85.8784],[158.03,63.3623],[158.02,75.617]],"asks":[[158.22,9.05],[158.23,168.0727],[158.24,79.1778],[158.25,80.3216],[158.26,65.266],[158.27,61.5264],[158.28,101.9059],[158.29,113.9757],[158.3,192.2485],[158.31,47.1167],[158.32,124.6849],[158.33,49.6229],[158.34,78.4174],[158.35,36.9934],[158.36,101.7551],[158.37,87.8689],[158.38,181.8528],[158.39,82.6774],[158.4,73.6295],[158.41,114.5632]]},"raw":{}}
{"exchange":"bybit","instance_id":"A","symbol":"SOL-USD","event_ts":1762349857.576,"seq":53151972,"depth":{"last_seq":53151972,"bids":[[158.21,9.909],[158.2,47.9076],[158.19,31.9907],[158.18,81.1185],[158.17,116.9899],[158.16,23.5149],[158.15,50.5232],[158.14,70.046],[158.13,20.4619],[158.12,16.5563],[158.11,139.4017],[158.1,440.9669],[158.09,15.9502],[158.08,92.6956],[158.07,463.1555],[158.06,23.4369],[158.05,171.5365],[158.04,85.8784],[158.03,64.1713],[158.02,75.617]],"asks":[[158.22,144.8323],[158.23,65.0487],[158.24,79.1778],[158.25,86.8481],[158.26,65.266],[158.27,71.4156],[158.28,103.8526],[158.29,85.9757],[158.3,194.0336],[158.31,48.2054],[158.32,122.7388],[158.33,23.9394],[158.34,78.4174],[158.35,36.9934],[158.36,101.7551],[158.37,167.5023],[158.38,102.2295],[158.39,82.6774],[158.4,73.6295],[158.41,114.5632]]},"raw":{}}
{"exchange":"bybit","instance_id":"A","symbol":"SOL-USD","event_ts":1762349857.596,"seq":53151973,"depth":{"last_seq":53151973,"bids":[[158.21,9.909],[158.2,38.7387],[158.19,31.9907],[158.18,62.1714],[158.17,135.937],[158.16,23.5149],[158.15,50.5232],[158.14,70.046],[158.13,20.4619],[158.12,16.5563],[158.11,139.4017],[158.1,443.7794],[158.09,15.9502],[158.08,129.2668],[158.07,463.1555],[158.06,68.5892],[158.05,171.5365],[158.04,85.8784],[158.03,64.1713],[158.02,75.617]],"asks":[[158.22,144.8323],[158.23,65.0487],[158.24,79.1778],[158.25,86.8481],[158.26,65.266],[158.27,71.4156],[158.28,91.2136],[158.29,82.8151],[158.3,194.0336],[158.31,58.8322],[158.32,115.2399],[158.33,28.8958],[158.34,78.4174],[158.35,36.9934],[158.36,101.7551],[158.37,125.9685],[158.38,102.2295],[158.39,82.6774],[158.4,73.6295],[158.41,114.5632]]},"raw":{}}
{"exchange":"bybit","instance_id":"A","symbol":"SOL-USD","event_ts":1762349857.617,"seq":53151974,"depth":{"last_seq":53151974,"bids":[[158.21,9.909],[158.2,38.7387],[158.19,31.9052],[158.18,74.801],[158.17,147.3478],[158.16,23.5149],[158.15,50.5232],[158.14,70.046],[158.13,20.4619],[158.12,16.5563],[158.11,139.4017],[158.1,443.7794],[158.09,15.9502],[158.08,129.2668],[158.07,463.1555],[158.06,68.5892],[158.05,171.5365],[158.04,85.8784],[158.03,64.1713],[158.02,75.617]],"asks":[[158.22,144.8323],[158.23,65.0487],[158.24,79.1778],[158.25,86.8481],[158.26,65.266],[158.27,71.4156],[158.28,88.053],[158.29,97.0369],[158.3,194.3495],[158.31,58.5163],[158.32,115.2399],[158.33,28.8958],[158.34,78.4174],[158.35,36.9934],[158.36,101.7551],[158.37,150.6398],[158.38,102.2295],[158.39,82.6774],[158.4,73.6295],[158.41,114.5632]]},"raw":{}}
{"exchange":"bybit","instance_id":"A","symbol":"SOL-USD","event_ts":1762349857.636,"seq":53151975,"depth":{"last_seq":53151975,"bids":[[158.21,9.909],[158.2,38.7387],[158.19,32.026],[158.18,74.6878],[158.17,147.3478],[158.16,23.5149],[158.15,50.5232],[158.14,70.046],[158.13,20.4619],[158.12,16.5563],[158.11,139.4017],[158.1,269.0675],[158.09,15.9502],[158.08,307.7905],[158.07,477.7852],[158.06,68.5892],[158.05,171.5365],[158.04,85.8784],[158.03,64.1713],[158.02,75.617]],"asks":[[158.22,144.8323],[158.23,65.0487],[158.24,79.1778],[158.25,86.8481],[158.26,65.266],[158.27,71.4156],[158.28,238.1487],[158.29,97.0369],[158.3,50.6414],[158.31,58.5163],[158.32,180.8775],[158.33,28.8958],[158.34,12.7798],[158.35,36.9934],[158.36,122.9996],[158.37,150.6398],[158.38,102.2295],[158.39,82.6774],[158.4,73.6295],[158.41,114.5632]]},"raw":{}}
{"exchange":"bybit","instance_id":"A","symbol":"SOL-USD","event_ts":1762349857.656,"seq":53151976,"depth":{"last_seq":53151976,"bids":[[158.21,9.909],[158.2,38.7387],[158.19,31.9052],[158.18,74.6878],[158.17,147.4682],[158.16,24.6464],[158.15,50.5232],[158.14,70.046],[158.13,20.4619],[158.12,16.5563],[158.11,90.557],[158.1,269.0675],[158.09,70.4074],[158.08,307.7905],[158.07,477.7852],[158.06,68.5892],[158.05,171.5365],[158.04,85.8784],[158.03,64.1713],[158.02,15.2436]],"asks":[[158.22,144.8323],[158.23,77.6891],[158.24,66.5388],[158.25,86.8481],[158.26,65.266],[158.27,110.9589],[158.28,238.1487],[158.29,46.0983],[158.3,50.6414],[158.31,58.5163],[158.32,180.8775],[158.33,7.6974],[158.34,12.7798],[158.35,36.9934],[158.36,122.9996],[158.37,150.6398],[158.38,102.2295],[158.39,82.6774],[158.4,73.6295],[158.41,114.5632]]},"raw":{}}
{"exchange":"bybit","instance_id":"A","symbol":"SOL-USD","event_ts":1762349857.676,"seq":53151977,"depth":{"last_seq":53151977,"bids":[[158.21,29.609],[158.2,38.7387],[158.19,31.9052],[158.18,74.6878],[158.17,147.4682],[158.16,24.6464],[158.15,50.5232],[158.14,70.046],[158.13,20.4619],[158.12,16.5563],[158.11,90.557],[158.1,284.2399],[158.09,70.4074],[158.08,307.7905],[158.07,477.7852],[158.06,68.5892],[158.05,171.5365],[158.04,85.8784],[158.03,58.9896],[158.02,15.2436]],"asks":[[158.22,144.8323],[158.23,77.6891],[158.24,66.5388],[158.25,86.8481],[158.26,72.8641],[158.27,110.9589],[158.28,238.1487],[158.29,53.8239],[158.3,50.6414],[158.31,58.5163],[158.32,180.8775],[158.33,7.6974],[158.34,12.7798],[158.35,36.9934],[158.36,122.9996],[158.37,150.6398],[158.38,102.2295],[158.39,82.6774],[158.4,73.6295],[158.41,114.5632]]},"raw":{}}
{"exchange":"bybit","instance_id":"A","symbol":"SOL-USD","event_ts":1762349857.696,"seq":53151978,"depth":{"last_seq":53151978,"bids":[[158.21,29.609],[158.2,38.7387],[158.19,31.9052],[158.18,74.6878],[158.17,147.4682],[158.16,24.6464],[158.15,50.5232],[158.14,70.046],[158.13,20.4619],[158.12,16.5563],[158.11,90.557],[158.1,284.2399],[158.09,248.9311],[158.08,129.2668],[158.07,477.7852],[158.06,68.5892],[158.05,171.5365],[158.04,85.8784],[158.03,58.9896],[158.02,15.2436]],"asks":[[158.22,144.8323],[158.23,77.6891],[158.24,66.5388],[158.25,86.8481],[158.26,72.8641],[158.27,112.6597],[158.28,236.4479],[158.29,53.8239],[158.3,50.6414],[158.31,76.7505],[158.32,180.8775],[158.33,7.6974],[158.34,12.7798],[158.35,36.9934],[158.36,122.9996],[158.37,150.6398],[158.38,102.2295],[158.39,82.6774],[158.4,73.6295],[158.41,114.5632]]},"raw":{}}
{"exchange":"bybit","instance_id":"A","symbol":"SOL-USD","event_ts":1762349857.716,"seq":53151979,"depth":{"last_seq":53151979,"bids":[[158.21,29.609],[158.2,38.7387],[158.19,31.9052],[158.18,74.6878],[158.17,147.4682],[158.16,24.6464],[158.15,50.5232],[158.14,70.046],[158.13,20.4619],[158.12,16.5563],[158.11,90.557],[158.1,335.5895],[158.09,199.6556],[158.08,129.2668],[158.07,477.7852],[158.06,68.5892],[158.05,171.5365],[158.04,85.8784],[158.03,58.9896],[158.02,15.2436]],"asks":[[158.22,144.8323],[158.23,77.6891],[158.24,66.5388],[158.25,86.8481],[158.26,72.8641],[158.27,112.6597],[158.28,236.4479],[158.29,53.8239],[158.3,50.6414],[158.31,76.7505],[158.32,180.8775],[158.33,7.6974],[158.34,12.7798],[158.35,36.9934],[158.36,122.9996],[158.37,150.6398],[158.38,102.2295],[158.39,97.2649],[158.4,73.6295],[158.41,114.5632]]},"raw":{}}
{"exchange":"bybit","instance_id":"A","symbol":"SOL-USD","event_ts":1762349857.736,"seq":53151980,"depth":{"last_seq":53151980,"bids":[[158.21,29.609],[158.2,38.7387],[158.19,31.9052],[158.18,74.6878],[158.17,147.4682],[158.16,24.6464],[158.15,50.5232],[158.14,70.046],[158.13,20.4619],[158.12,16.5563],[158.11,90.557],[158.1,514.1132],[158.09,21.1319],[158.08,129.2668],[158.07,477.7852],[158.06,68.5892],[158.05,171.5365],[158.04,85.8784],[158.03,58.9896],[158.02,15.2436]],"asks":[[158.22,144.8323],[158.23,77.6891],[158.24,66.5388],[158.25,86.8481],[158.26,72.8641],[158.27,112.6597],[158.28,236.4479],[158.29,53.8239],[158.3,50.6414],[158.31,76.7505],[158.32,180.8775],[158.33,7.6974],[158.34,12.7798],[158.35,36.9934],[158.36,122.9996],[158.37,150.6398],[158.38,102.2295],[158.39,97.2649],[158.4,73.6295],[158.41,114.5632]]},"raw":{}}
{"exchange":"bybit","instance_id":"A","symbol":"SOL-USD","event_ts":1762349857.756,"seq":53151981,"depth":{"last_seq":53151981,"bids":[[158.21,29.6647],[158.2,38.7387],[158.19,31.9052],[158.18,74.8097],[158.17,147.3478],[158.16,24.6464],[158.15,50.5232],[158.14,70.046],[158.13,20.4619],[158.12,16.5563],[158.11,141.379],[158.1,447.5912],[158.09,15.9502],[158.08,129.2668],[158.07,477.7852],[158.06,68.5892],[158.05,171.5365],[158.04,85.8784],[158.03,58.9896],[158.02,15.2436]],"asks":[[158.22,144.8323],[158.23,77.6891],[158.24,66.5388],[158.25,86.8481],[158.26,72.8641],[158.27,112.6597],[158.28,236.4479],[158.29,53.8239],[158.3,50.6414],[158.31,76.7505],[158.32,180.8775],[158.33,7.6974],[158.34,12.7798],[158.35,36.9934],[158.36,122.9996],[158.37,150.6398],[158.38,102.2295],[158.39,97.2649],[158.4,73.6295],[158.41,114.5632]]},"raw":{}}
{"exchange":"bybit","instance_id":"A","symbol":"SOL-USD","event_ts":1762349857.776,"seq":53151982,"depth":{"last_seq":53151982,"bids":[[158.21,29.9808],[158.2,38.7387],[158.19,31.9052],[158.18,74.8097],[158.17,147.3478],[158.16,24.6464],[158.15,50.5232],[158.14,70.046],[158.13,20.4619],[158.12,16.5563],[158.11,141.379],[158.1,447.5912],[158.09,15.9502],[158.08,129.2668],[158.07,477.7852],[158.06,68.5892],[158.05,171.5365],[158.04,85.8784],[158.03,58.9896],[158.02,15.2436]],"asks":[[158.22,144.8323],[158.23,77.6891],[158.24,66.5388],[158.25,86.8481],[158.26,72.8641],[158.27,112.6597],[158.28,236.4479],[158.29,53.8239],[158.3,50.6414],[158.31,76.7505],[158.32,180.8775],[158.33,7.6974],[158.34,12.7798],[158.35,36.9934],[158.36,122.9996],[158.37,150.6398],[158.38,102.2295],[158.39,97.2649],[158.4,73.6295],[158.41,114.5632]]},"raw":{}}
{"exchange":"bybit","instance_id":"A","symbol":"SOL-USD","event_ts":1762349857.817,"seq":53151983,"depth":{"last_seq":53151983,"bids":[[158.21,29.9808],[158.2,38.7387],[158.19,31.9052],[158.18,74.8097],[158.17,128.4007],[158.16,24.6464],[158.15,50.5232],[158.14,70.046],[158.13,20.4619],[158.12,16.5563],[158.11,141.379],[158.1,447.5912],[158.09,15.9502],[158.08,129.2668],[158.07,477.7852],[158.06,68.5892],[158.05,171.5365],[158.04,85.8784],[158.03,58.9896],[158.02,15.2436]],"asks":[[158.22,144.8323],[158.23,77.6891],[158.24,66.5388],[158.25,86.8481],[158.26,72.8641],[158.27,112.6597],[158.28,236.4479],[158.29,53.8239],[158.3,50.6414],[158.31,76.7505],[158.32,180.8775],[158.33,7.6974],[158.34,12.7798],[158.35,36.9934],[158.36,122.9996],[158.37,150.6398],[158.38,102.2295],[158.39,97.2649],[158.4,73.6295],[158.41,114.5632]]},"raw":{}}
{"exchange":"bybit","instance_id":"A","symbol":"SOL-USD","event_ts":1762349857.836,"seq":53151984,"depth":{"last_seq":53151984,"bids":[[158.21,29.9808],[158.2,38.7387],[158.19,31.9052],[158.18,74.8097],[158.17,147.3478],[158.16,24.6464],[158.15,50.5232],[158.14,70.046],[158.13,20.4619],[158.12,16.5563],[158.11,141.379],[158.1,447.5912],[158.09,15.9502],[158.08,129.2668],[158.07,477.7852],[158.06,68.5892],[158.05,171.5365],[158.04,85.8784],[158.03,58.9896],[158.02,15.2436]],"asks":[[158.22,144.8323],[158.23,77.6891],[158.24,66.5388],[158.25,86.8481],[158.26,72.8641],[158.27,112.6597],[158.28,236.4479],[158.29,53.8239],[158.3,50.6414],[158.31,76.7505],[158.32,180.8775],[158.33,7.6974],[158.34,12.7798],[158.35,36.9934],[158.36,122.9996],[158.37,150.6398],[158.38,102.2295],[158.39,97.2649],[158.4,73.6295],[158.41,114.5632]]},"raw":{}}
{"exchange":"bybit","instance_id":"A","symbol":"SOL-USD","event_ts":1762349857.857,"seq":53151985,"depth":{"last_seq":53151985,"bids":[[158.21,29.9251],[158.2,38.7387],[158.19,31.9052],[158.18,74.8097],[158.17,147.3478],[158.16,24.6464],[158.15,50.5232],[158.14,70.046],[158.13,20.4619],[158.12,16.5563],[158.11,141.379],[158.1,447.5912],[158.09,15.9502],[158.08,129.2668],[158.07,477.7852],[158.06,68.5892],[158.05,171.5365],[158.04,85.8784],[158.03,58.9896],[158.02,15.2436]],"asks":[[158.22,144.8323],[158.23,77.6891],[158.24,66.5388],[158.25,86.8481],[158.26,72.8641],[158.27,112.6597],[158.28,236.4479],[158.29,53.8239],[158.3,50.6414],[158.31,76.7505],[158.32,180.8775],[158.33,7.6974],[158.34,12.7798],[158.35,36.9934],[158.36,122.9996],[158.37,150.6398],[158.38,102.2295],[158.39,97.2649],[158.4,73.6295],[158.41,114.5632]]},"raw":{}}
{"exchange":"bybit","instance_id":"A","symbol":"SOL-USD","event_ts":1762349857.876,"seq":53151986,"depth":{"last_seq":53151986,"bids":[[158.21,20.0161],[158.2,38.7387],[158.19,31.9052],[158.18,74.8097],[158.17,147.3478],[158.16,24.6464],[158.15,50.5232],[158.14,70.046],[158.13,20.4619],[158.12,16.5563],[158.11,141.379],[158.1,447.5912],[158.09,15.9502],[158.08,129.2668],[158.07,477.7852],[158.06,68.5892],[158.05,171.5365],[158.04,85.8784],[158.03,58.9896],[158.02,15.2436]],"asks":[[158.22,144.8323],[158.23,77.6891],[158.24,66.5388],[158.25,86.8481],[158.26,72.8641],[158.27,112.6597],[158.28,236.4479],[158.29,53.8239],[158.3,50.6414],[158.31,76.7505],[158.32,180.8775],[158.33,7.6974],[158.34,12.7798],[158.35,36.9934],[158.36,122.9996],[158.37,150.6398],[158.38,102.2295],[158.39,97.2649],[158.4,73.6295],[158.41,114.5632]]},"raw":{}}
{"exchange":"bybit","instance_id":"A","symbol":"SOL-USD","event_ts":1762349857.916,"seq":53151987,"depth":{"last_seq":53151987,"bids":[[158.21,20.0161],[158.2,38.7387],[158.19,77.8122],[158.18,74.8097],[158.17,147.3478],[158.16,24.6464],[158.15,50.5232],[158.14,70.046],[158.13,20.4619],[158.12,16.5563],[158.11,141.379],[158.1,447.5912],[158.09,15.9502],[158.08,129.2668],[158.07,477.7852],[158.06,68.5892],[158.05,171.5365],[158.04,85.8784],[158.03,58.9896],[158.02,15.2436]],"asks":[[158.22,144.8323],[158.23,77.6891],[158.24,66.5388],[158.25,86.8481],[158.26,72.8641],[158.27,112.6597],[158.28,236.4479],[158.29,53.8239],[158.3,50.6414],[158.31,76.7505],[158.32,180.8775],[158.33,7.6974],[158.34,12.7798],[158.35,36.9934],[158.36,122.9996],[158.37,150.6398],[158.38,102.2295],[158.39,97.2649],[158.4,73.6295],[158.41,114.5632]]},"raw":{}}
{"exchange":"bybit","instance_id":"A","symbol":"SOL-USD","event_ts":1762349857.936,"seq":53151988,"depth":{"last_seq":53151988,"bids":[[158.21,20.0161],[158.2,51.8565],[158.19,77.8122],[158.18,74.8097],[158.17,147.0319],[158.16,24.9623],[158.15,50.5232],[158.14,70.046],[158.13,20.4619],[158.12,16.5563],[158.11,141.379],[158.1,447.5912],[158.09,15.9502],[158.08,129.2668],[158.07,477.7852],[158.06,68.5892],[158.05,171.5365],[158.04,85.8784],[158.03,58.9896],[158.02,15.2436]],"asks":[[158.22,144.8323],[158.23,77.6891],[158.24,66.5388],[158.25,86.8481],[158.26,72.8641],[158.27,112.6597],[158.28,236.4479],[158.29,53.8239],[158.3,50.6414],[158.31,76.7505],[158.32,180.8775],[158.33,7.6974],[158.34,12.7798],[158.35,36.9934],[158.36,122.9996],[158.37,150.6398],[158.38,102.2295],[158.39,97.2649],[158.4,73.6295],[158.41,114.5632]]},"raw":{}}
{"exchange":"bybit","instance_id":"A","symbol":"SOL-USD","event_ts":1762349857.976,"seq":53151989,"depth":{"last_seq":53151989,"bids":[[158.2,61.1217],[158.19,32.4451],[158.18,63.4839],[158.17,120.1702],[158.16,49.9754],[158.15,59.891],[158.14,92.9602],[158.13,20.4619],[158.12,16.5563],[158.11,141.379],[158.1,92.1925],[158.09,194.4739],[158.08,128.0032],[158.07,398.1518],[158.06,148.2276],[158.05,171.5365],[158.04,87.1426],[158.03,58.9896],[158.02,15.2436],[158.01,26.6872]],"asks":[[158.21,145.7547],[158.22,72.6991],[158.23,87.5961],[158.24,66.5388],[158.25,76.9391],[158.26,72.8641],[158.27,112.6597],[158.28,208.4479],[158.29,53.8239],[158.3,50.6414],[158.31,73.3033],[158.32,161.1775],[158.33,15.5971],[158.34,12.7798],[158.35,27.1239],[158.36,202.638],[158.37,72.2706],[158.38,102.2295],[158.39,97.2649],[158.4,73.6295]]},"raw":{}}
{"exchange":"bybit","instance_id":"A","symbol":"SOL-USD","event_ts":1762349857.996,"seq":53151990,"depth":{"last_seq":53151990,"bids":[[158.2,61.1217],[158.19,23.3387],[158.18,63.4839],[158.17,126.641],[158.16,49.9754],[158.15,59.891],[158.14,74.0131],[158.13,20.4619],[158.12,16.5563],[158.11,23.7102],[158.1,128.1433],[158.09,194.4739],[158.08,128.0032],[158.07,398.1518],[158.06,148.2276],[158.05,171.5365],[158.04,87.1426],[158.03,58.9896],[158.02,15.2436],[158.01,26.6872]],"asks":[[158.21,145.7547],[158.22,72.6991],[158.23,87.5961],[158.24,66.5388],[158.25,76.9391],[158.26,72.8641],[158.27,112.6597],[158.28,208.4479],[158.29,53.8239],[158.3,50.6414],[158.31,73.3033],[158.32,161.1775],[158.33,15.5971],[158.34,7.5981],[158.35,55.44],[158.36,181.3935],[158.37,72.2706],[158.38,102.2295],[158.39,97.2649],[158.4,73.6295]]},"raw":{}}
{"exchange":"bybit","instance_id":"A","symbol":"SOL-USD","event_ts":1762349858.016,"seq":53151991,"depth":{"last_seq":53151991,"bids":[[158.2,61.1217],[158.19,23.3387],[158.18,63.4839],[158.17,126.641],[158.16,49.9754],[158.15,78.8381],[158.14,74.0131],[158.13,20.4619],[158.12,11.3746],[158.11,23.7102],[158.1,128.1433],[158.09,194.4739],[158.08,135.6013],[158.07,406.5755],[158.06,148.2276],[158.05,171.5365],[158.04,87.1426],[158.03,58.9896],[158.02,15.2436],[158.01,26.6872]],"asks":[[158.21,145.7547],[158.22,72.6991],[158.23,87.6436],[158.24,66.5388],[158.25,76.9391],[158.26,72.8641],[158.27,112.6319],[158.28,208.4479],[158.29,53.8239],[158.3,50.6414],[158.31,73.3033],[158.32,161.1775],[158.33,15.5971],[158.34,7.5981],[158.35,55.44],[158.36,181.3935],[158.37,72.2706],[158.38,102.2295],[158.39,97.2649],[158.4,73.6295]]},"raw":{}}
{"exchange":"bybit","instance_id":"A","symbol":"SOL-USD","event_ts":1762349858.036,"seq":53151992,"depth":{"last_seq":53151992,"bids":[[158.2,61.1217],[158.19,23.3387],[158.18,63.4839],[158.17,126.641],[158.16,58.0868],[158.15,78.8381],[158.14,74.0131],[158.13,20.4619],[158.12,11.3746],[158.11,23.7102],[158.1,128.1433],[158.09,194.4739],[158.08,135.6013],[158.07,406.5755],[158.06,148.2276],[158.05,171.5365],[158.04,87.1426],[158.03,58.9896],[158.02,15.2436],[158.01,26.6872]],"asks":[[158.21,145.7547],[158.22,72.6991],[158.23,87.6436],[158.24,66.5388],[158.25,76.9391],[158.26,72.8641],[158.27,112.6319],[158.28,208.4479],[158.29,53.8239],[158.3,50.6414],[158.31,73.3033],[158.32,161.1775],[158.33,15.5971],[158.34,7.5981],[158.35,55.44],[158.36,181.3935],[158.37,72.2706],[158.38,102.2295],[158.39,97.2649],[158.4,73.6295]]},"raw":{}}
