{"exchange":"okx","instance_id":"B","symbol":"SOL-USD","event_ts":1762349855.403,"seq":7218585007730689,"depth":{"last_seq":7218585007730689,"bids":[[158.27,11.26],[158.26,2.695343],[158.25,25.434104],[158.24,10.510758],[158.23,37.140357]],"asks":[[158.28,66.844206],[158.29,32.100967],[158.3,66.49576],[158.31,54.708809],[158.32,103.147851]]},"raw":{}}
{"exchange":"okx","instance_id":"B","symbol":"SOL-USD","event_ts":1762349855.503,"seq":7218585008140289,"depth":{"last_seq":7218585008140289,"bids":[[158.27,11.26],[158.26,0.049125],[158.25,9.361058],[158.24,7.232514],[158.23,28.494139],[158.22,37.201226]],"asks":[[158.28,55.844206],[158.29,39.67792],[158.3,66.49576],[158.31,54.708809],[158.32,103.147851]]},"raw":{}}
{"exchange":"okx","instance_id":"B","symbol":"SOL-USD","event_ts":1762349855.603,"seq":7218585008549889,"depth":{"last_seq":7218585008549889,"bids":[[158.27,11.26],[158.26,0.049125],[158.25,3.247155],[158.24,0.178273],[158.23,28.494139],[158.22,40.975134],[158.21,43.281545]],"asks":[[158.26,48.442533],[158.27,36.127764],[158.28,32.985744],[158.29,39.67792],[158.3,80.741225],[158.31,54.708809],[158.32,103.147851]]},"raw":{}}
{"exchange":"okx","instance_id":"B","symbol":"SOL-USD","event_ts":1762349855.703,"seq":7218585008959489,"depth":{"last_seq":7218585008959489,"bids":[[158.27,11.26],[158.26,0.049125],[158.25,3.159558],[158.24,0.178273],[158.23,23.795681],[158.22,37.121686],[158.21,59.448608]],"asks":[[158.26,48.442527],[158.27,36.127764],[158.28,32.985744],[158.29,39.801136],[158.3,84.060225],[158.31,54.708809],[158.32,103.147851]]},"raw":{}}
{"exchange":"okx","instance_id":"B","symbol":"SOL-USD","event_ts":1762349855.803,"seq":7218585009369089,"depth":{"last_seq":7218585009369089,"bids":[[158.27,11.26],[158.26,0.049125],[158.25,3.247158],[158.24,0.178273],[158.23,21.149129],[158.22,40.975134],[158.21,59.448608]],"asks":[[158.26,48.442527],[158.27,36.127764],[158.28,32.985744],[158.29,39.801136],[158.3,84.060225],[158.31,54.708809],[158.32,103.147851]]},"raw":{}}
{"exchange":"okx","instance_id":"B","symbol":"SOL-USD","event_ts":1762349855.903,"seq":7218585009778689,"depth":{"last_seq":7218585009778689,"bids":[[158.27,11.26],[158.26,0.049125],[158.25,3.159558],[158.24,0.178273],[158.23,21.149129],[158.22,40.975134],[158.21,59.448608]],"asks":[[158.26,48.56576],[158.27,36.127764],[158.28,32.985744],[158.29,39.67792],[158.3,96.707225],[158.31,54.708809],[158.32,103.147851]]},"raw":{}}
{"exchange":"okx","instance_id":"B","symbol":"SOL-USD","event_ts":1762349856.003,"seq":7218585010188289,"depth":{"last_seq":7218585010188289,"bids":[[158.27,11.26],[158.26,0.049125],[158.25,3.247161],[158.24,0.178273],[158.23,21.149129],[158.22,34.340134],[158.21,59.448608]],"asks":[[158.26,48.56576],[158.27,36.127764],[158.28,32.985744],[158.29,39.67792],[158.3,96.707225],[158.31,54.708809],[158.32,103.147851]]},"raw":{}}
{"exchange":"okx","instance_id":"B","symbol":"SOL-USD","event_ts":1762349856.103,"seq":7218585010597889,"depth":{"last_seq":7218585010597889,"bids":[[158.27,11.26],[158.26,0.049125],[158.25,3.247161],[158.24,0.178273],[158.23,21.149129],[158.22,34.340134],[158.21,59.448608]],"asks":[[158.26,48.56576],[158.27,36.127764],[158.28,40.583325],[158.29,39.67792],[158.3,96.707225],[158.31,54.708809],[158.32,103.147851]]},"raw":{}}
{"exchange":"okx","instance_id":"B","symbol":"SOL-USD","event_ts":1762349856.403,"seq":7218585011826689,"depth":{"last_seq":7218585011826689,"bids":[[158.27,11.26],[158.26,0.049125],[158.25,3.247161],[158.24,0.129142],[158.23,0.0015],[158.22,0.049138],[158.21,11.449302],[158.2,44.843247]],"asks":[[158.25,115.484137],[158.26,22.799443],[158.27,36.127764],[158.28,48.424713],[158.29,39.67792],[158.3,96.707225],[158.31,54.708809],[158.32,103.147851]]},"raw":{}}
{"exchange":"okx","instance_id":"B","symbol":"SOL-USD","event_ts":1762349856.503,"seq":7218585012236289,"depth":{"last_seq":7218585012236289,"bids":[[158.27,11.26],[158.26,0.049125],[158.25,3.247161],[158.24,0.129142],[158.23,0.0015],[158.22,2.722961],[158.21,11.449302],[158.2,44.843247]],"asks":[[158.25,113.51249],[158.26,22.799443],[158.27,41.951764],[158.28,48.288552],[158.29,52.320317],[158.3,96.707225],[158.31,54.708809],[158.32,103.147851]]},"raw":{}}
{"exchange":"okx","instance_id":"B","symbol":"SOL-USD","event_ts":1762349856.603,"seq":7218585012645889,"depth":{"last_seq":7218585012645889,"bids":[[158.27,11.26],[158.26,0.049125],[158.25,3.247161],[158.24,0.129142],[158.23,0.0015],[158.22,0.049138],[158.21,11.449302],[158.2,44.843247],[158.19,30.943063]],"asks":[[158.25,113.635739],[158.26,22.67621],[158.27,42.115922],[158.28,48.288552],[158.29,52.320317],[158.3,96.707225],[158.31,54.708809],[158.32,103.147851]]},"raw":{}}
{"exchange":"okx","instance_id":"B","symbol":"SOL-USD","event_ts":1762349856.703,"seq":7218585013055489,"depth":{"last_seq":7218585013055489,"bids":[[158.27,11.26],[158.26,0.049125],[158.25,3.247161],[158.24,0.129142],[158.23,0.0015],[158.22,4.282638],[158.21,8.775857],[158.2,24.744228],[158.19,19.074163],[158.18,43.348514]],"asks":[[158.23,43.860943],[158.24,66.26945],[158.25,50.340603],[158.26,22.628589],[158.27,42.115922],[158.28,48.288552],[158.29,52.320317],[158.3,96.707225],[158.31,54.708809],[158.32,103.147851]]},"raw":{}}
{"exchange":"okx","instance_id":"B","symbol":"SOL-USD","event_ts":1762349856.803,"seq":7218585013465089,"depth":{"last_seq":7218585013465089,"bids":[[158.27,11.26],[158.26,0.049125],[158.25,3.247161],[158.24,0.129142],[158.23,0.0015],[158.22,17.6335],[158.21,4.299159],[158.2,27.418389],[158.19,19.074163],[158.18,46.022675]],"asks":[[158.23,17.377253],[158.24,55.125596],[158.25,42.540468],[158.26,22.628589],[158.27,42.115922],[158.28,48.288552],[158.29,52.320317],[158.3,96.707225],[158.31,54.708809],[158.32,103.147851]]},"raw":{}}
{"exchange":"okx","instance_id":"B","symbol":"SOL-USD","event_ts":1762349857.003,"seq":7218585014284289,"depth":{"last_seq":7218585014284289,"bids":[[158.27,11.26],[158.26,0.049125],[158.25,3.247161],[158.24,0.129142],[158.23,0.0015],[158.22,17.6335],[158.21,4.299159],[158.2,27.418389],[158.19,19.706389],[158.18,46.022675]],"asks":[[158.23,17.377253],[158.24,55.125596],[158.25,42.540468],[158.26,22.628589],[158.27,42.115922],[158.28,48.288552],[158.29,52.320317],[158.3,96.707225],[158.31,54.708809],[158.32,103.147851]]},"raw":{}}
{"exchange":"okx","instance_id":"B","symbol":"SOL-USD","event_ts":1762349857.203,"seq":7218585015103489,"depth":{"last_seq":7218585015103489,"bids":[[158.27,11.26],[158.26,0.049125],[158.25,3.247161],[158.24,0.129142],[158.23,0.0015],[158.22,4.06],[158.21,1.624998],[158.2,27.418389],[158.19,19.706389],[158.18,46.022675]],"asks":[[158.23,28.910753],[158.24,55.125596],[158.25,42.540468],[158.26,22.628589],[158.27,42.115922],[158.28,48.288552],[158.29,52.320317],[158.3,96.707225],[158.31,54.708809],[158.32,103.147851]]},"raw":{}}
{"exchange":"okx","instance_id":"B","symbol":"SOL-USD","event_ts":1762349857.303,"seq":7218585015513089,"depth":{"last_seq":7218585015513089,"bids":[[158.27,11.26],[158.26,0.049125],[158.25,3.247161],[158.24,0.129142],[158.23,0.0015],[158.22,14.5935],[158.21,4.302963],[158.2,27.418389],[158.19,19.706389],[158.18,46.022675]],"asks":[[158.23,33.290753],[158.24,55.125596],[158.25,42.540468],[158.26,22.628589],[158.27,42.115922],[158.28,48.288552],[158.29,52.320317],[158.3,96.707225],[158.31,54.708809],[158.32,103.147851]]},"raw":{}}
{"exchange":"okx","instance_id":"B","symbol":"SOL-USD","event_ts":1762349857.603,"seq":7218585016741889,"depth":{"last_seq":7218585016741889,"bids":[[158.27,11.26],[158.26,0.049125],[158.25,3.247161],[158.24,0.129142],[158.23,0.0015],[158.22,14.5935],[158.21,0.225131],[158.2,13.091382],[158.19,11.277832],[158.18,37.343879],[158.17,106.102295]],"asks":[[158.22,71.515692],[158.23,37.28928],[158.24,55.127096],[158.25,49.234639],[158.26,55.091379],[158.27,42.115922],[158.28,48.288552],[158.29,52.320317],[158.3,96.707225],[158.31,54.708809],[158.32,103.147851]]},"raw":{}}
{"exchange":"okx","instance_id":"B","symbol":"SOL-USD","event_ts":1762349857.703,"seq":7218585017151489,"depth":{"last_seq":7218585017151489,"bids":[[158.27,11.26],[158.26,0.049125],[158.25,3.247161],[158.24,0.129142],[158.23,0.0015],[158.22,14.5935],[158.21,0.225131],[158.2,13.091382],[158.19,11.277832],[158.18,37.343879],[158.17,106.102295]],"asks":[[158.22,62.343891],[158.23,30.08928],[158.24,55.127096],[158.25,49.234639],[158.26,44.471635],[158.27,42.115922],[158.28,48.288552],[158.29,52.320317],[158.3,96.707225],[158.31,54.708809],[158.32,103.147851]]},"raw":{}}
{"exchange":"okx","instance_id":"B","symbol":"SOL-USD","event_ts":1762349857.803,"seq":7218585017561089,"depth":{"last_seq":7218585017561089,"bids":[[158.27,11.26],[158.26,0.049125],[158.25,3.247161],[158.24,0.129142],[158.23,0.0015],[158.22,14.5935],[158.21,0.28091],[158.2,13.091382],[158.19,11.277832],[158.18,37.343879],[158.17,106.102295]],"asks":[[158.22,62.343891],[158.23,30.08928],[158.24,55.127096],[158.25,49.234639],[158.26,54.073071],[158.27,42.115922],[158.28,48.288552],[158.29,52.320317],[158.3,96.707225],[158.31,54.708809],[158.32,103.147851]]},"raw":{}}
{"exchange":"okx","instance_id":"B","symbol":"SOL-USD","event_ts":1762349857.903,"seq":7218585017970689,"depth":{"last_seq":7218585017970689,"bids":[[158.27,11.26],[158.26,0.049125],[158.25,3.247161],[158.24,0.129142],[158.23,0.0015],[158.22,14.5935],[158.21,11.485131],[158.2,13.091382],[158.19,11.277832],[158.18,37.343879],[158.17,106.102295]],"asks":[[158.22,62.343891],[158.23,30.08928],[158.24,55.127096],[158.25,49.234639],[158.26,54.073071],[158.27,42.115922],[158.28,48.288552],[158.29,52.320317],[158.3,96.707225],[158.31,54.708809],[158.32,103.147851]]},"raw":{}}
{"exchange":"okx","instance_id":"B","symbol":"SOL-USD","event_ts":1762349858.003,"seq":7218585018380289,"depth":{"last_seq":7218585018380289,"bids":[[158.27,11.26],[158.26,0.049125],[158.25,3.247161],[158.24,0.129142],[158.23,0.0015],[158.22,14.5935],[158.21,0.225131],[158.2,0.197889],[158.19,11.278002],[158.18,35.343879],[158.17,102.102295]],"asks":[[158.22,62.343891],[158.23,30.08928],[158.24,62.724677],[158.25,56.811592],[158.26,54.073071],[158.27,42.115922],[158.28,48.288552],[158.29,52.320317],[158.3,96.707225],[158.31,54.708809],[158.32,103.147851]]},"raw":{}}
{"exchange":"okx","instance_id":"B","symbol":"SOL-USD","event_ts":1762349858.103,"seq":7218585018789889,"depth":{"last_seq":7218585018789889,"bids":[[158.27,11.26],[158.26,0.049125],[158.25,3.247161],[158.24,0.129142],[158.23,0.0015],[158.22,14.5935],[158.21,0.17599],[158.2,0.247033],[158.19,11.278002],[158.18,35.343879],[158.17,102.102295]],"asks":[[158.22,62.343891],[158.23,30.08928],[158.24,62.724677],[158.25,56.811592],[158.26,54.073071],[158.27,42.115922],[158.28,48.288552],[158.29,52.320317],[158.3,96.707225],[158.31,54.708809],[158.32,103.147851]]},"raw":{}}
{"exchange":"okx","instance_id":"B","symbol":"SOL-USD","event_ts":1762349858.203,"seq":7218585019199489,"depth":{"last_seq":7218585019199489,"bids":[[158.27,11.26],[158.26,0.049125],[158.25,3.247161],[158.24,0.129142],[158.23,0.0015],[158.22,14.5935],[158.21,0.17599],[158.2,0.247033],[158.19,11.278002],[158.18,35.343879],[158.17,102.102295]],"asks":[[158.22,62.467154],[158.23,30.08928],[158.24,62.601428],[158.25,56.811592],[158.26,54.073071],[158.27,42.115922],[158.28,48.288552],[158.29,52.320317],[158.3,96.707225],[158.31,54.708809],[158.32,103.147851]]},"raw":{}}
{"exchange":"okx","instance_id":"B","symbol":"SOL-USD","event_ts":1762349858.403,"seq":7218585020018689,"depth":{"last_seq":7218585020018689,"bids":[[158.27,11.26],[158.26,0.049125],[158.25,3.247161],[158.24,0.129142],[158.23,0.0015],[158.22,14.5935],[158.21,0.231769],[158.2,0.247033],[158.19,11.278002],[158.18,35.343879],[158.17,102.102295]],"asks":[[158.22,62.343891],[158.23,30.08928],[158.24,68.800906],[158.25,56.934856],[158.26,54.073071],[158.27,42.115922],[158.28,48.288552],[158.29,52.320317],[158.3,96.707225],[158.31,54.708809],[158.32,103.147851]]},"raw":{}}
{"exchange":"okx","instance_id":"B","symbol":"SOL-USD","event_ts":1762349858.603,"seq":7218585020837889,"depth":{"last_seq":7218585020837889,"bids":[[158.27,11.26],[158.26,0.049125],[158.25,3.247161],[158.24,0.129142],[158.23,0.0015],[158.22,14.5935],[158.21,0.17599],[158.2,0.247033],[158.19,11.278002],[158.18,35.343879],[158.17,102.102295]],"asks":[[158.22,62.467155],[158.23,30.08928],[158.24,68.800906],[158.25,56.811592],[158.26,54.073071],[158.27,42.115922],[158.28,48.288552],[158.29,52.320317],[158.3,96.707225],[158.31,54.708809],[158.32,103.147851]]},"raw":{}}
{"exchange":"okx","instance_id":"B","symbol":"SOL-USD","event_ts":1762349858.803,"seq":7218585021657089,"depth":{"last_seq":7218585021657089,"bids":[[158.27,11.26],[158.26,0.049125],[158.25,3.247161],[158.24,0.129142],[158.23,0.0015],[158.22,16.932661],[158.21,46.360269],[158.2,15.728294],[158.19,11.32715],[158.18,23.689879],[158.17,102.102295]],"asks":[[158.22,62.467155],[158.23,25.537828],[158.24,80.493121],[158.25,56.934856],[158.26,54.073071],[158.27,77.564973],[158.28,48.288552],[158.29,52.320317],[158.3,96.707225],[158.31,54.708809],[158.32,103.147851]]},"raw":{}}
{"exchange":"okx","instance_id":"B","symbol":"SOL-USD","event_ts":1762349858.903,"seq":7218585022066689,"depth":{"last_seq":7218585022066689,"bids":[[158.27,11.26],[158.26,0.049125],[158.25,3.247161],[158.24,0.129142],[158.23,0.0015],[158.22,4.110318],[158.21,5.249036],[158.2,0.197889],[158.19,24.180005],[158.18,35.554879],[158.17,102.102295]],"asks":[[158.22,62.467155],[158.23,44.491328],[158.24,80.493121],[158.25,56.934856],[158.26,54.073071],[158.27,90.213973],[158.28,48.288552],[158.29,52.320317],[158.3,96.707225],[158.31,54.708809],[158.32,103.147851]]},"raw":{}}
{"exchange":"okx","instance_id":"B","symbol":"SOL-USD","event_ts":1762349859.003,"seq":7218585022476289,"depth":{"last_seq":7218585022476289,"bids":[[158.27,11.26],[158.26,0.049125],[158.25,3.247161],[158.24,0.129142],[158.23,0.0015],[158.22,4.110318],[158.21,4.291769],[158.2,2.877288],[158.19,24.180005],[158.18,35.554879],[158.17,103.516756]],"asks":[[158.22,62.399082],[158.23,49.716944],[158.24,68.800906],[158.25,56.934856],[158.26,54.073071],[158.27,90.213973],[158.28,48.288552],[158.29,52.320317],[158.3,96.707225],[158.31,54.708809],[158.32,103.147851]]},"raw":{}}
{"exchange":"okx","instance_id":"B","symbol":"SOL-USD","event_ts":1762349859.103,"seq":7218585022885889,"depth":{"last_seq":7218585022885889,"bids":[[158.27,11.26],[158.26,0.049125],[158.25,3.247161],[158.24,0.129142],[158.23,0.0015],[158.22,4.110318],[158.21,4.23599],[158.2,2.926432],[158.19,24.130857],[158.18,35.554879],[158.17,103.516756]],"asks":[[158.22,62.428849],[158.23,49.716944],[158.24,68.800906],[158.25,56.934856],[158.26,54.073071],[158.27,90.213973],[158.28,48.288552],[158.29,52.320317],[158.3,96.707225],[158.31,54.708809],[158.32,103.147851]]},"raw":{}}
{"exchange":"okx","instance_id":"B","symbol":"SOL-USD","event_ts":1762349859.303,"seq":7218585023705089,"depth":{"last_seq":7218585023705089,"bids":[[158.27,11.26],[158.26,0.049125],[158.25,3.247161],[158.24,0.129142],[158.23,0.0015],[158.22,4.110318],[158.21,4.23599],[158.2,2.926432],[158.19,11.279266],[158.18,48.407505],[158.17,103.516756]],"asks":[[158.22,62.428849],[158.23,49.716944],[158.24,68.800906],[158.25,56.934856],[158.26,54.073071],[158.27,90.213973],[158.28,48.288552],[158.29,52.320317],[158.3,96.707225],[158.31,54.708809],[158.32,103.147851]]},"raw":{}}
{"exchange":"okx","instance_id":"B","symbol":"SOL-USD","event_ts":1762349859.403,"seq":7218585024114689,"depth":{"last_seq":7218585024114689,"bids":[[158.27,11.26],[158.26,0.049125],[158.25,3.247161],[158.24,0.129142],[158.23,0.0015],[158.22,4.110318],[158.21,17.80949],[158.2,2.926432],[158.19,24.131095],[158.18,35.554879],[158.17,103.516756]],"asks":[[158.22,52.068849],[158.23,49.543444],[158.24,68.800906],[158.25,56.934856],[158.26,54.073071],[158.27,90.213973],[158.28,48.288552],[158.29,52.320317],[158.3,96.707225],[158.31,54.708809],[158.32,103.147851]]},"raw":{}}
{"exchange":"okx","instance_id":"B","symbol":"SOL-USD","event_ts":1762349859.503,"seq":7218585024524289,"depth":{"last_seq":7218585024524289,"bids":[[158.27,11.26],[158.26,0.049125],[158.25,3.247161],[158.24,0.129142],[158.23,0.0015],[158.22,4.110318],[158.21,17.80949],[158.2,2.926432],[158.19,24.131095],[158.18,35.554879],[158.17,103.651756]],"asks":[[158.22,52.068849],[158.23,49.543444],[158.24,68.800906],[158.25,56.934856],[158.26,54.073071],[158.27,90.213973],[158.28,48.288552],[158.29,52.320317],[158.3,96.707225],[158.31,54.708809],[158.32,103.147851]]},"raw":{}}
{"exchange":"okx","instance_id":"B","symbol":"SOL-USD","event_ts":1762349859.603,"seq":7218585024933889,"depth":{"last_seq":7218585024933889,"bids":[[158.27,11.26],[158.26,0.049125],[158.25,3.247161],[158.24,0.129142],[158.23,0.0015],[158.22,4.110318],[158.21,10.60949],[158.2,2.926432],[158.19,24.131095],[158.18,35.554879],[158.17,103.516756]],"asks":[[158.22,52.068849],[158.23,49.543444],[158.24,68.800906],[158.25,56.934856],[158.26,54.073071],[158.27,90.213973],[158.28,48.288552],[158.29,52.320317],[158.3,96.707225],[158.31,54.708809],[158.32,103.147851]]},"raw":{}}
{"exchange":"okx","instance_id":"B","symbol":"SOL-USD","event_ts":1762349859.703,"seq":7218585025343489,"depth":{"last_seq":7218585025343489,"bids":[[158.27,11.26],[158.26,0.049125],[158.25,3.247161],[158.24,0.129142],[158.23,0.0015],[158.22,4.110318],[158.21,10.60949],[158.2,2.926432],[158.19,24.131095],[158.18,35.554879],[158.17,103.516756]],"asks":[[158.22,52.242349],[158.23,49.543444],[158.24,68.800906],[158.25,56.934856],[158.26,54.073071],[158.27,90.213973],[158.28,48.288552],[158.29,52.320317],[158.3,96.707225],[158.31,54.708809],[158.32,103.147851]]},"raw":{}}
{"exchange":"okx","instance_id":"B","symbol":"SOL-USD","event_ts":1762349859.903,"seq":7218585026162689,"depth":{"last_seq":7218585026162689,"bids":[[158.27,11.26],[158.26,0.049125],[158.25,3.247161],[158.24,0.129142],[158.23,0.0015],[158.22,4.110318],[158.21,22.882536],[158.2,2.926432],[158.19,24.131095],[158.18,35.554879],[158.17,103.516756]],"asks":[[158.22,52.242349],[158.23,49.543444],[158.24,68.800906],[158.25,56.934856],[158.26,54.073071],[158.27,90.213973],[158.28,48.288552],[158.29,52.320317],[158.3,96.707225],[158.31,54.708809],[158.32,103.147851]]},"raw":{}}
{"exchange":"okx","instance_id":"B","symbol":"SOL-USD","event_ts":1762349860.003,"seq":7218585026572289,"depth":{"last_seq":7218585026572289,"bids":[[158.27,11.26],[158.26,0.049125],[158.25,3.247161],[158.24,0.129142],[158.23,0.0015],[158.22,4.110318],[158.21,22.706546],[158.2,2.926432],[158.19,24.131095],[158.18,35.554879],[158.17,103.516756]],"asks":[[158.22,52.242349],[158.23,49.543444],[158.24,68.800906],[158.25,56.934856],[158.26,54.073071],[158.27,90.213973],[158.28,48.288552],[158.29,52.320317],[158.3,96.707225],[158.31,54.708809],[158.32,103.147851]]},"raw":{}}
{"exchange":"okx","instance_id":"B","symbol":"SOL-USD","event_ts":1762349860.103,"seq":7218585026981889,"depth":{"last_seq":7218585026981889,"bids":[[158.27,11.26],[158.26,0.049125],[158.25,3.247161],[158.24,0.129142],[158.23,0.0015],[158.22,65.194458],[158.21,29.070675],[158.2,0.197889],[158.19,18.171561],[158.18,41.554879],[158.17,103.516756]],"asks":[[158.22,52.242349],[158.23,6.006225],[158.24,61.203325],[158.25,56.934856],[158.26,54.073071],[158.27,83.582181],[158.28,48.288552],[158.29,52.320317],[158.3,96.707225],[158.31,54.708809],[158.32,103.147851]]},"raw":{}}
{"exchange":"okx","instance_id":"B","symbol":"SOL-USD","event_ts":1762349860.203,"seq":7218585027391489,"depth":{"last_seq":7218585027391489,"bids":[[158.27,11.26],[158.26,0.049125],[158.25,3.247161],[158.24,0.129142],[158.23,0.0015],[158.22,43.746854],[158.21,29.43193],[158.2,14.203764],[158.19,18.582419],[158.18,41.554879],[158.17,103.516756]],"asks":[[158.22,52.242349],[158.23,6.006225],[158.24,61.203325],[158.25,56.811592],[158.26,54.073071],[158.27,68.029346],[158.28,48.288552],[158.29,52.320317],[158.3,96.707225],[158.31,54.708809],[158.32,103.147851]]},"raw":{}}
{"exchange":"okx","instance_id":"B","symbol":"SOL-USD","event_ts":1762349860.403,"seq":7218585028210689,"depth":{"last_seq":7218585028210689,"bids":[[158.27,11.26],[158.26,0.049125],[158.25,3.247161],[158.24,0.129142],[158.23,0.0015],[158.22,43.746854],[158.21,29.43193],[158.2,20.703764],[158.19,18.582419],[158.18,41.554879],[158.17,103.516756]],"asks":[[158.22,52.242349],[158.23,6.006225],[158.24,61.203325],[158.25,56.811592],[158.26,54.073071],[158.27,80.678346],[158.28,48.288552],[158.29,52.320317],[158.3,96.707225],[158.31,54.708809],[158.32,103.147851]]},"raw":{}}
{"exchange":"okx","instance_id":"B","symbol":"SOL-USD","event_ts":1762349860.503,"seq":7218585028620289,"depth":{"last_seq":7218585028620289,"bids":[[158.27,11.26],[158.26,0.049125],[158.25,3.247161],[158.24,0.129142],[158.23,0.0015],[158.22,44.157712],[158.21,29.43193],[158.2,20.703764],[158.19,18.171561],[158.18,41.554879],[158.17,103.516756]],"asks":[[158.22,52.242349],[158.23,6.006225],[158.24,61.203325],[158.25,56.811592],[158.26,54.073071],[158.27,68.029346],[158.28,48.288552],[158.29,52.320317],[158.3,96.707225],[158.31,54.708809],[158.32,103.147851]]},"raw":{}}
{"exchange":"okx","instance_id":"B","symbol":"SOL-USD","event_ts":1762349860.603,"seq":7218585029029889,"depth":{"last_seq":7218585029029889,"bids":[[158.27,11.26],[158.26,0.049125],[158.25,3.247161],[158.24,0.129142],[158.23,0.0015],[158.22,44.157712],[158.21,40.756107],[158.2,9.379061],[158.19,18.171561],[158.18,41.554879],[158.17,103.516756]],"asks":[[158.22,52.242349],[158.23,6.006225],[158.24,61.203325],[158.25,56.811592],[158.26,54.073071],[158.27,68.029346],[158.28,48.288552],[158.29,52.320317],[158.3,96.707225],[158.31,54.708809],[158.32,103.147851]]},"raw":{}}
{"exchange":"okx","instance_id":"B","symbol":"SOL-USD","event_ts":1762349860.703,"seq":7218585029439489,"depth":{"last_seq":7218585029439489,"bids":[[158.27,11.26],[158.26,0.049125],[158.25,3.247161],[158.24,0.129142],[158.23,14.638357],[158.22,37.902092],[158.21,47.957607],[158.2,6.697889],[158.19,18.171561],[158.18,41.554879],[158.17,103.516756]],"asks":[[158.22,52.242349],[158.23,6.006225],[158.24,67.027731],[158.25,56.811592],[158.26,54.073071],[158.27,80.678346],[158.28,89.400842],[158.29,52.320317],[158.3,96.707225],[158.31,54.708809],[158.32,103.147851]]},"raw":{}}
{"exchange":"okx","instance_id":"B","symbol":"SOL-USD","event_ts":1762349860.803,"seq":7218585029849089,"depth":{"last_seq":7218585029849089,"bids":[[158.27,11.26],[158.26,0.049125],[158.25,3.247161],[158.24,0.129142],[158.23,14.638357],[158.22,37.902092],[158.21,47.957607],[158.2,6.697889],[158.19,18.171561],[158.18,41.554879],[158.17,103.516756]],"asks":[[158.22,52.242349],[158.23,6.006225],[158.24,62.356246],[158.25,56.811592],[158.26,54.073071],[158.27,80.678346],[158.28,89.400842],[158.29,52.320317],[158.3,96.707225],[158.31,54.708809],[158.32,103.147851]]},"raw":{}}
{"exchange":"okx","instance_id":"B","symbol":"SOL-USD","event_ts":1762349860.903,"seq":7218585030258689,"depth":{"last_seq":7218585030258689,"bids":[[158.27,11.26],[158.26,0.049125],[158.25,3.247161],[158.24,0.129142],[158.23,14.638357],[158.22,37.902092],[158.21,47.957607],[158.2,13.899284],[158.19,30.122413],[158.18,41.554879],[158.17,103.516756]],"asks":[[158.22,52.242349],[158.23,6.006225],[158.24,62.356246],[158.25,56.811592],[158.26,54.073071],[158.27,80.678346],[158.28,89.400842],[158.29,52.320317],[158.3,96.707225],[158.31,54.708809],[158.32,103.147851]]},"raw":{}}
{"exchange":"okx","instance_id":"B","symbol":"SOL-USD","event_ts":1762349861.003,"seq":7218585030668289,"depth":{"last_seq":7218585030668289,"bids":[[158.27,11.26],[158.26,0.049125],[158.25,3.247161],[158.24,0.129142],[158.23,14.638357],[158.22,37.902092],[158.21,47.957607],[158.2,13.899284],[158.19,26.810788],[158.18,41.554879],[158.17,103.516756]],"asks":[[158.22,52.242349],[158.23,6.006225],[158.24,62.356246],[158.25,56.811592],[158.26,54.073071],[158.27,68.029346],[158.28,89.400842],[158.29,52.320317],[158.3,96.707225],[158.31,54.708809],[158.32,103.147851]]},"raw":{}}
{"exchange":"okx","instance_id":"B","symbol":"SOL-USD","event_ts":1762349861.203,"seq":7218585031487489,"depth":{"last_seq":7218585031487489,"bids":[[158.27,11.26],[158.26,0.049125],[158.25,3.247161],[158.24,0.129142],[158.23,4.104857],[158.22,10.277629],[158.21,47.957607],[158.2,13.899284],[158.19,27.221585],[158.18,41.554879],[158.17,103.516756]],"asks":[[158.22,52.242349],[158.23,6.006225],[158.24,66.589746],[158.25,56.811592],[158.26,54.073071],[158.27,68.029346],[158.28,89.400842],[158.29,52.320317],[158.3,96.707225],[158.31,54.708809],[158.32,103.147851]]},"raw":{}}
{"exchange":"okx","instance_id":"B","symbol":"SOL-USD","event_ts":1762349861.303,"seq":7218585031897089,"depth":{"last_seq":7218585031897089,"bids":[[158.27,11.26],[158.26,0.049125],[158.25,3.247161],[158.24,0.129142],[158.23,4.104857],[158.22,10.277629],[158.21,40.747709],[158.2,25.223856],[158.19,27.853811],[158.18,39.011914],[158.17,102.007497]],"asks":[[158.22,7.07257],[158.23,19.824542],[158.24,61.93727],[158.25,56.811592],[158.26,54.073071],[158.27,68.029346],[158.28,89.400842],[158.29,52.320317],[158.3,96.707225],[158.31,54.708809],[158.32,103.147851]]},"raw":{}}
{"exchange":"okx","instance_id":"B","symbol":"SOL-USD","event_ts":1762349861.403,"seq":7218585032306689,"depth":{"last_seq":7218585032306689,"bids":[[158.27,11.26],[158.26,0.049125],[158.25,3.247161],[158.24,0.129142],[158.23,4.104857],[158.22,10.277629],[158.21,40.86543],[158.2,10.072654],[158.19,41.852447],[158.18,41.685284],[158.17,102.007497]],"asks":[[158.22,7.07257],[158.23,19.824542],[158.24,61.76377],[158.25,56.811592],[158.26,54.073071],[158.27,68.029346],[158.28,89.400842],[158.29,52.320317],[158.3,96.707225],[158.31,54.708809],[158.32,103.147851]]},"raw":{}}
{"exchange":"okx","instance_id":"B","symbol":"SOL-USD","event_ts":1762349861.503,"seq":7218585032716289,"depth":{"last_seq":7218585032716289,"bids":[[158.27,11.26],[158.26,0.049125],[158.25,3.247161],[158.24,0.129142],[158.23,4.104857],[158.22,10.277629],[158.21,0.361255],[158.2,0.247033],[158.19,11.684371],[158.18,2.937849],[158.17,101.691465]],"asks":[[158.22,70.943275],[158.23,21.747764],[158.24,61.76377],[158.25,56.811592],[158.26,54.073071],[158.27,68.029346],[158.28,89.400842],[158.29,52.320317],[158.3,96.707225],[158.31,54.708809],[158.32,103.147851]]},"raw":{}}
{"exchange":"okx","instance_id":"B","symbol":"SOL-USD","event_ts":1762349861.603,"seq":7218585033125889,"depth":{"last_seq":7218585033125889,"bids":[[158.27,11.26],[158.26,0.049125],[158.25,3.247161],[158.24,0.129142],[158.23,4.104857],[158.22,10.277629],[158.21,12.273801],[158.2,2.92074],[158.19,23.009717],[158.18,31.07463],[158.17,101.691465]],"asks":[[158.22,63.743275],[158.23,21.747764],[158.24,61.76377],[158.25,56.811592],[158.26,54.196328],[158.27,68.029346],[158.28,89.400842],[158.29,52.320317],[158.3,96.707225],[158.31,54.708809],[158.32,103.147851]]},"raw":{}}
{"exchange":"okx","instance_id":"B","symbol":"SOL-USD","event_ts":1762349861.703,"seq":7218585033535489,"depth":{"last_seq":7218585033535489,"bids":[[158.27,11.26],[158.26,0.049125],[158.25,3.247161],[158.24,0.129142],[158.23,4.104857],[158.22,10.277629],[158.21,12.273801],[158.2,0.247033],[158.19,23.009717],[158.18,31.07463],[158.17,101.691465]],"asks":[[158.22,63.743275],[158.23,21.747764],[158.24,61.76377],[158.25,56.811592],[158.26,54.196328],[158.27,68.029346],[158.28,89.400842],[158.29,52.320317],[158.3,96.707225],[158.31,54.708809],[158.32,103.147851]]},"raw":{}}
{"exchange":"okx","instance_id":"B","symbol":"SOL-USD","event_ts":1762349861.803,"seq":7218585033945089,"depth":{"last_seq":7218585033945089,"bids":[[158.27,11.26],[158.26,0.049125],[158.25,3.247161],[158.24,0.129142],[158.23,4.104857],[158.22,10.277629],[158.21,12.100301],[158.2,0.247033],[158.19,23.009717],[158.18,31.07463],[158.17,101.691465]],"asks":[[158.22,63.743275],[158.23,21.747764],[158.24,61.76377],[158.25,56.811592],[158.26,54.196328],[158.27,68.029346],[158.28,89.400842],[158.29,52.320317],[158.3,96.707225],[158.31,54.708809],[158.32,103.147851]]},"raw":{}}
{"exchange":"okx","instance_id":"B","symbol":"SOL-USD","event_ts":1762349861.903,"seq":7218585034354689,"depth":{"last_seq":7218585034354689,"bids":[[158.27,11.26],[158.26,0.049125],[158.25,3.247161],[158.24,0.129142],[158.23,4.104857],[158.22,10.277629],[158.21,12.100301],[158.2,0.247033],[158.19,23.009717],[158.18,37.57463],[158.17,101.691465]],"asks":[[158.22,63.743275],[158.23,21.747764],[158.24,61.76377],[158.25,56.811592],[158.26,54.196328],[158.27,68.029346],[158.28,89.400842],[158.29,52.320317],[158.3,96.707225],[158.31,54.708809],[158.32,103.147851]]},"raw":{}}
{"exchange":"okx","instance_id":"B","symbol":"SOL-USD","event_ts":1762349862.003,"seq":7218585034764289,"depth":{"last_seq":7218585034764289,"bids":[[158.27,11.26],[158.26,0.049125],[158.25,3.247161],[158.24,0.129142],[158.23,4.104857],[158.22,10.277629],[158.21,4.421255],[158.2,0.247033],[158.19,23.009717],[158.18,37.57463],[158.17,101.691465]],"asks":[[158.22,63.743275],[158.23,21.753357],[158.24,61.76377],[158.25,56.811592],[158.26,54.196328],[158.27,68.029346],[158.28,89.400842],[158.29,52.320317],[158.3,96.707225],[158.31,54.708809],[158.32,103.147851]]},"raw":{}}
{"exchange":"okx","instance_id":"B","symbol":"SOL-USD","event_ts":1762349862.203,"seq":7218585035583489,"depth":{"last_seq":7218585035583489,"bids":[[158.27,11.26],[158.26,0.049125],[158.25,3.247161],[158.24,0.129142],[158.23,4.104857],[158.22,10.277629],[158.21,4.421255],[158.2,0.247033],[158.19,23.009717],[158.18,37.57463],[158.17,101.691465]],"asks":[[158.22,61.137275],[158.23,21.753357],[158.24,61.76377],[158.25,56.811592],[158.26,54.196328],[158.27,68.029346],[158.28,89.400842],[158.29,52.320317],[158.3,96.707225],[158.31,54.708809],[158.32,103.147851]]},"raw":{}}
{"exchange":"okx","instance_id":"B","symbol":"SOL-USD","event_ts":1762349862.403,"seq":7218585036402689,"depth":{"last_seq":7218585036402689,"bids":[[158.27,11.26],[158.26,0.049125],[158.25,3.247161],[158.24,0.129142],[158.23,4.104857],[158.22,10.277629],[158.21,4.421255],[158.2,0.247033],[158.19,22.59892],[158.18,37.43963],[158.17,101.691465]],"asks":[[158.22,61.137275],[158.23,29.314176],[158.24,69.361351],[158.25,56.811592],[158.26,57.515328],[158.27,68.029346],[158.28,89.400842],[158.29,52.320317],[158.3,96.707225],[158.31,54.708809],[158.32,103.147851]]},"raw":{}}
{"exchange":"okx","instance_id":"B","symbol":"SOL-USD","event_ts":1762349862.503,"seq":7218585036812289,"depth":{"last_seq":7218585036812289,"bids":[[158.27,11.26],[158.26,0.049125],[158.25,3.247161],[158.24,0.129142],[158.23,4.104857],[158.22,10.277629],[158.21,0.361255],[158.2,0.247033],[158.19,11.273574],[158.18,49.204149],[158.17,101.691465]],"asks":[[158.22,61.137275],[158.23,29.314176],[158.24,69.361351],[158.25,56.811592],[158.26,60.419163],[158.27,68.029346],[158.28,89.400842],[158.29,52.320317],[158.3,96.707225],[158.31,54.708809],[158.32,103.147851]]},"raw":{}}
{"exchange":"okx","instance_id":"B","symbol":"SOL-USD","event_ts":1762349862.603,"seq":7218585037221889,"depth":{"last_seq":7218585037221889,"bids":[[158.27,11.26],[158.26,0.049125],[158.25,3.247161],[158.24,0.129142],[158.23,4.104857],[158.22,10.277629],[158.21,0.361255],[158.2,0.247033],[158.19,11.273574],[158.18,49.204149],[158.17,101.691465]],"asks":[[158.22,61.271714],[158.23,29.308583],[158.24,69.361351],[158.25,56.811592],[158.26,60.295906],[158.27,68.029346],[158.28,89.400842],[158.29,52.320317],[158.3,96.707225],[158.31,54.708809],[158.32,103.147851]]},"raw":{}}
{"exchange":"okx","instance_id":"B","symbol":"SOL-USD","event_ts":1762349862.703,"seq":7218585037631489,"depth":{"last_seq":7218585037631489,"bids":[[158.27,11.26],[158.26,0.049125],[158.25,3.247161],[158.24,0.129142],[158.23,4.104857],[158.22,10.277629],[158.21,0.417034],[158.2,2.913239],[158.19,11.273574],[158.18,49.204149],[158.17,101.691465]],"asks":[[158.22,61.271714],[158.23,29.308583],[158.24,69.361351],[158.25,56.811592],[158.26,60.295906],[158.27,68.029346],[158.28,89.400842],[158.29,52.320317],[158.3,96.707225],[158.31,54.708809],[158.32,103.147851]]},"raw":{}}
{"exchange":"okx","instance_id":"B","symbol":"SOL-USD","event_ts":1762349862.803,"seq":7218585038041089,"depth":{"last_seq":7218585038041089,"bids":[[158.27,11.26],[158.26,0.049125],[158.25,3.247161],[158.24,0.129142],[158.23,4.104857],[158.22,10.277629],[158.21,0.417034],[158.2,2.913239],[158.19,11.273574],[158.18,49.204149],[158.17,101.691465]],"asks":[[158.22,61.14845],[158.23,29.308583],[158.24,69.361351],[158.25,56.934856],[158.26,60.295906],[158.27,68.029346],[158.28,89.400842],[158.29,52.320317],[158.3,96.707225],[158.31,54.708809],[158.32,103.147851]]},"raw":{}}
{"exchange":"okx","instance_id":"B","symbol":"SOL-USD","event_ts":1762349862.903,"seq":7218585038450689,"depth":{"last_seq":7218585038450689,"bids":[[158.27,11.26],[158.26,0.049125],[158.25,3.247161],[158.24,0.129142],[158.23,4.104857],[158.22,10.277629],[158.21,0.417034],[158.2,2.913239],[158.19,23.273574],[158.18,49.204149],[158.17,101.691465]],"asks":[[158.22,61.14845],[158.23,29.308583],[158.24,69.361351],[158.25,56.934856],[158.26,60.295906],[158.27,68.029346],[158.28,89.400842],[158.29,52.320317],[158.3,96.707225],[158.31,54.708809],[158.32,103.147851]]},"raw":{}}
{"exchange":"okx","instance_id":"B","symbol":"SOL-USD","event_ts":1762349863.003,"seq":7218585038860289,"depth":{"last_seq":7218585038860289,"bids":[[158.27,11.26],[158.26,0.049125],[158.25,3.247161],[158.24,0.129142],[158.23,4.104857],[158.22,10.277629],[158.21,4.477034],[158.2,2.913239],[158.19,23.273574],[158.18,49.204149],[158.17,101.691465]],"asks":[[158.22,61.14845],[158.23,29.314176],[158.24,69.361351],[158.25,56.934856],[158.26,60.295906],[158.27,68.029346],[158.28,89.400842],[158.29,52.320317],[158.3,96.707225],[158.31,54.708809],[158.32,103.147851]]},"raw":{}}
{"exchange":"okx","instance_id":"B","symbol":"SOL-USD","event_ts":1762349863.203,"seq":7218585039679489,"depth":{"last_seq":7218585039679489,"bids":[[158.27,11.26],[158.26,0.049125],[158.25,3.247161],[158.24,0.129142],[158.23,4.104857],[158.22,10.277629],[158.21,29.141209],[158.2,2.913239],[158.19,35.037692],[158.18,37.43963],[158.17,101.691465]],"asks":[[158.22,51.479692],[158.23,29.314176],[158.24,69.361351],[158.25,56.934856],[158.26,60.295906],[158.27,68.029346],[158.28,89.400842],[158.29,52.320317],[158.3,96.707225],[158.31,54.708809],[158.32,103.147851]]},"raw":{}}
{"exchange":"okx","instance_id":"B","symbol":"SOL-USD","event_ts":1762349863.303,"seq":7218585040089089,"depth":{"last_seq":7218585040089089,"bids":[[158.27,11.26],[158.26,0.049125],[158.25,3.247161],[158.24,0.129142],[158.23,4.104857],[158.22,10.277629],[158.21,21.941209],[158.2,2.913239],[158.19,35.037692],[158.18,37.43963],[158.17,101.691465]],"asks":[[158.22,51.479692],[158.23,29.314176],[158.24,69.361351],[158.25,56.934856],[158.26,60.295906],[158.27,68.029346],[158.28,89.400842],[158.29,52.320317],[158.3,96.707225],[158.31,54.708809],[158.32,103.147851]]},"raw":{}}
{"exchange":"okx","instance_id":"B","symbol":"SOL-USD","event_ts":1762349863.403,"seq":7218585040498689,"depth":{"last_seq":7218585040498689,"bids":[[158.27,11.26],[158.26,0.049125],[158.25,3.247161],[158.24,0.129142],[158.23,4.104857],[158.22,10.277629],[158.21,10.850534],[158.2,2.913239],[158.19,35.037692],[158.18,37.43963],[158.17,101.691465]],"asks":[[158.22,51.653192],[158.23,29.314176],[158.24,69.361351],[158.25,56.934856],[158.26,60.295906],[158.27,68.029346],[158.28,89.400842],[158.29,52.320317],[158.3,96.707225],[158.31,54.708809],[158.32,103.147851]]},"raw":{}}
{"exchange":"okx","instance_id":"B","symbol":"SOL-USD","event_ts":1762349863.503,"seq":7218585040908289,"depth":{"last_seq":7218585040908289,"bids":[[158.27,11.26],[158.26,0.049125],[158.25,3.247161],[158.24,0.129142],[158.23,4.104857],[158.22,10.277629],[158.21,4.477034],[158.2,2.913239],[158.19,23.037692],[158.18,37.43963],[158.17,101.691465]],"asks":[[158.22,51.653192],[158.23,29.314176],[158.24,69.361351],[158.25,56.934856],[158.26,60.295906],[158.27,68.029346],[158.28,89.400842],[158.29,52.320317],[158.3,96.707225],[158.31,54.708809],[158.32,103.147851]]},"raw":{}}
{"exchange":"okx","instance_id":"B","symbol":"SOL-USD","event_ts":1762349863.703,"seq":7218585041727489,"depth":{"last_seq":7218585041727489,"bids":[[158.27,11.26],[158.26,0.049125],[158.25,3.247161],[158.24,0.129142],[158.23,4.104857],[158.22,10.277629],[158.21,4.477034],[158.2,0.247033],[158.19,11.273574],[158.18,49.204152],[158.17,101.691465]],"asks":[[158.22,51.653192],[158.23,29.314176],[158.24,69.361351],[158.25,56.934856],[158.26,60.295906],[158.27,68.029346],[158.28,89.400842],[158.29,52.320317],[158.3,96.707225],[158.31,54.708809],[158.32,103.147851]]},"raw":{}}
{"exchange":"okx","instance_id":"B","symbol":"SOL-USD","event_ts":1762349863.903,"seq":7218585042546689,"depth":{"last_seq":7218585042546689,"bids":[[158.27,11.26],[158.26,0.049125],[158.25,3.247161],[158.24,0.129142],[158.23,4.104857],[158.22,10.277629],[158.21,24.007516],[158.2,2.913239],[158.19,23.797666],[158.18,37.43963],[158.17,101.691465]],"asks":[[158.22,8.988192],[158.23,29.314176],[158.24,69.361351],[158.25,56.934856],[158.26,60.295906],[158.27,68.029346],[158.28,89.400842],[158.29,52.320317],[158.3,96.707225],[158.31,54.708809],[158.32,103.147851]]},"raw":{}}
{"exchange":"okx","instance_id":"B","symbol":"SOL-USD","event_ts":1762349864.003,"seq":7218585042956289,"depth":{"last_seq":7218585042956289,"bids":[[158.27,11.26],[158.26,0.049125],[158.25,3.247161],[158.24,0.129142],[158.23,4.104857],[158.22,10.277629],[158.21,31.207516],[158.2,2.913239],[158.19,23.797666],[158.18,38.071896],[158.17,101.691465]],"asks":[[158.22,0.231238],[158.23,41.030939],[158.24,69.361351],[158.25,56.934856],[158.26,60.295906],[158.27,68.029346],[158.28,89.400842],[158.29,52.320317],[158.3,96.707225],[158.31,54.708809],[158.32,103.147851]]},"raw":{}}
{"exchange":"okx","instance_id":"B","symbol":"SOL-USD","event_ts":1762349864.103,"seq":7218585043365889,"depth":{"last_seq":7218585043365889,"bids":[[158.27,11.26],[158.26,0.049125],[158.25,3.247161],[158.24,0.129142],[158.23,4.104857],[158.22,10.277629],[158.21,24.007516],[158.2,2.913239],[158.19,23.797666],[158.18,38.482766],[158.17,101.691465]],"asks":[[158.22,11.948318],[158.23,29.314176],[158.24,69.361351],[158.25,56.934856],[158.26,57.392071],[158.27,68.029346],[158.28,89.400842],[158.29,52.320317],[158.3,96.707225],[158.31,54.708809],[158.32,103.147851]]},"raw":{}}
{"exchange":"okx","instance_id":"B","symbol":"SOL-USD","event_ts":1762349864.203,"seq":7218585043775489,"depth":{"last_seq":7218585043775489,"bids":[[158.27,11.26],[158.26,0.049125],[158.25,3.247161],[158.24,0.129142],[158.23,4.104857],[158.22,10.277629],[158.21,24.007516],[158.2,15.387625],[158.19,11.322722],[158.18,38.482766],[158.17,101.691465]],"asks":[[158.22,11.71708],[158.23,29.314176],[158.24,69.361351],[158.25,56.934856],[158.26,57.392071],[158.27,68.029346],[158.28,89.400842],[158.29,52.320317],[158.3,96.707225],[158.31,54.708809],[158.32,103.147851]]},"raw":{}}
{"exchange":"okx","instance_id":"B","symbol":"SOL-USD","event_ts":1762349864.303,"seq":7218585044185089,"depth":{"last_seq":7218585044185089,"bids":[[158.27,11.26],[158.26,0.049125],[158.25,3.247161],[158.24,0.129142],[158.23,4.104857],[158.22,10.277629],[158.21,24.007516],[158.2,15.387625],[158.19,11.322722],[158.18,38.482766],[158.17,101.691465]],"asks":[[158.22,11.965085],[158.23,29.308583],[158.24,69.361351],[158.25,56.934856],[158.26,57.392071],[158.27,68.029346],[158.28,89.400842],[158.29,52.320317],[158.3,96.707225],[158.31,54.708809],[158.32,103.147851]]},"raw":{}}
{"exchange":"okx","instance_id":"B","symbol":"SOL-USD","event_ts":1762349864.403,"seq":7218585044594689,"depth":{"last_seq":7218585044594689,"bids":[[158.27,11.26],[158.26,0.049125],[158.25,3.247161],[158.24,0.129142],[158.23,4.104857],[158.22,10.277629],[158.21,23.951737],[158.2,15.387625],[158.19,11.322722],[158.18,38.482766],[158.17,101.691465]],"asks":[[158.22,11.71708],[158.23,29.308583],[158.24,69.361351],[158.25,56.934856],[158.26,57.392071],[158.27,68.029346],[158.28,89.400842],[158.29,52.320317],[158.3,96.707225],[158.31,54.708809],[158.32,103.147851]]},"raw":{}}
{"exchange":"okx","instance_id":"B","symbol":"SOL-USD","event_ts":1762349864.503,"seq":7218585045004289,"depth":{"last_seq":7218585045004289,"bids":[[158.27,11.26],[158.26,0.049125],[158.25,3.247161],[158.24,0.129142],[158.23,4.104857],[158.22,10.277629],[158.21,31.151737],[158.2,15.387625],[158.19,11.322722],[158.18,38.482766],[158.17,101.691465]],"asks":[[158.22,11.722754],[158.23,29.479496],[158.24,69.361351],[158.25,56.934856],[158.26,57.392071],[158.27,68.029346],[158.28,89.400842],[158.29,52.320317],[158.3,96.707225],[158.31,54.708809],[158.32,103.147851]]},"raw":{}}
{"exchange":"okx","instance_id":"B","symbol":"SOL-USD","event_ts":1762349864.703,"seq":7218585045823489,"depth":{"last_seq":7218585045823489,"bids":[[158.27,11.26],[158.26,0.049125],[158.25,3.247161],[158.24,0.129142],[158.23,4.104857],[158.22,10.277629],[158.21,4.421255],[158.2,0.247033],[158.19,23.797572],[158.18,38.482766],[158.17,101.691465]],"asks":[[158.22,45.096254],[158.23,29.479496],[158.24,69.361351],[158.25,56.934856],[158.26,57.392071],[158.27,68.029346],[158.28,89.400842],[158.29,52.320317],[158.3,96.707225],[158.31,54.708809],[158.32,103.147851]]},"raw":{}}
{"exchange":"okx","instance_id":"B","symbol":"SOL-USD","event_ts":1762349864.803,"seq":7218585046233089,"depth":{"last_seq":7218585046233089,"bids":[[158.27,11.26],[158.26,0.049125],[158.25,3.247161],[158.24,0.129142],[158.23,4.104857],[158.22,10.277629],[158.21,4.421255],[158.2,0.247033],[158.19,23.797572],[158.18,37.8505],[158.17,101.691465]],"asks":[[158.22,44.164433],[158.23,29.479496],[158.24,69.361351],[158.25,56.934856],[158.26,57.392071],[158.27,68.029346],[158.28,89.400842],[158.29,52.320317],[158.3,96.707225],[158.31,54.708809],[158.32,103.147851]]},"raw":{}}
{"exchange":"okx","instance_id":"B","symbol":"SOL-USD","event_ts":1762349865.003,"seq":7218585047052289,"depth":{"last_seq":7218585047052289,"bids":[[158.27,11.26],[158.26,0.049125],[158.25,3.247161],[158.24,0.129142],[158.23,4.104857],[158.22,10.277629],[158.21,0.361255],[158.2,0.247033],[158.19,11.273574],[158.18,50.375434],[158.17,101.691465]],"asks":[[158.22,44.164433],[158.23,29.479496],[158.24,69.361351],[158.25,56.934856],[158.26,57.392071],[158.27,68.029346],[158.28,89.400842],[158.29,52.320317],[158.3,96.707225],[158.31,54.708809],[158.32,103.147851]]},"raw":{}}
{"exchange":"okx","instance_id":"B","symbol":"SOL-USD","event_ts":1762349865.103,"seq":7218585047461889,"depth":{"last_seq":7218585047461889,"bids":[[158.27,11.26],[158.26,0.049125],[158.25,3.247161],[158.24,0.129142],[158.23,4.104857],[158.22,10.277629],[158.21,0.361255],[158.2,0.247033],[158.19,11.273574],[158.18,50.375434],[158.17,101.691465]],"asks":[[158.22,44.151793],[158.23,29.479496],[158.24,69.361351],[158.25,56.934856],[158.26,57.392071],[158.27,68.029346],[158.28,89.400842],[158.29,52.320317],[158.3,96.707225],[158.31,54.708809],[158.32,103.147851]]},"raw":{}}
{"exchange":"okx","instance_id":"B","symbol":"SOL-USD","event_ts":1762349865.203,"seq":7218585047871489,"depth":{"last_seq":7218585047871489,"bids":[[158.27,11.26],[158.26,0.049125],[158.25,3.247161],[158.24,0.129142],[158.23,4.104857],[158.22,10.277629],[158.21,0.361255],[158.2,0.247033],[158.19,2.667706],[158.18,17.102984],[158.17,36.922366]],"asks":[[158.22,44.275058],[158.23,29.479496],[158.24,70.775812],[158.25,60.130592],[158.26,60.295906],[158.27,68.029346],[158.28,89.400842],[158.29,52.320317],[158.3,96.707225],[158.31,54.708809],[158.32,103.147851]]},"raw":{}}
{"exchange":"okx","instance_id":"B","symbol":"SOL-USD","event_ts":1762349865.303,"seq":7218585048281089,"depth":{"last_seq":7218585048281089,"bids":[[158.27,11.26],[158.26,0.049125],[158.25,3.247161],[158.24,0.129142],[158.23,4.104857],[158.22,10.277629],[158.21,0.361255],[158.2,0.197889],[158.19,0.050648],[158.18,17.102984],[158.17,37.554672]],"asks":[[158.22,48.198994],[158.23,32.145702],[158.24,70.775812],[158.25,68.293774],[158.26,70.042071],[158.27,68.029346],[158.28,89.400842],[158.29,52.320317],[158.3,96.707225],[158.31,54.708809],[158.32,103.147851]]},"raw":{}}
{"exchange":"okx","instance_id":"B","symbol":"SOL-USD","event_ts":1762349865.403,"seq":7218585048690689,"depth":{"last_seq":7218585048690689,"bids":[[158.27,11.26],[158.26,0.049125],[158.25,3.247161],[158.24,0.129142],[158.23,4.104857],[158.22,10.277629],[158.21,0.361255],[158.2,0.197889],[158.19,2.716854],[158.18,9.302849],[158.17,37.554672]],"asks":[[158.22,44.275058],[158.23,31.059624],[158.24,70.775812],[158.25,77.521838],[158.26,57.392071],[158.27,68.029346],[158.28,89.400842],[158.29,52.320317],[158.3,96.707225],[158.31,54.708809],[158.32,103.147851]]},"raw":{}}
{"exchange":"okx","instance_id":"B","symbol":"SOL-USD","event_ts":1762349865.503,"seq":7218585049100289,"depth":{"last_seq":7218585049100289,"bids":[[158.27,11.26],[158.26,0.049125],[158.25,3.247161],[158.24,0.129142],[158.23,4.104857],[158.22,10.277629],[158.21,0.361255],[158.2,0.197889],[158.19,2.716854],[158.18,21.828073],[158.17,25.028957]],"asks":[[158.22,44.275058],[158.23,31.059624],[158.24,70.775812],[158.25,77.521838],[158.26,57.392071],[158.27,68.029346],[158.28,89.400842],[158.29,52.320317],[158.3,96.707225],[158.31,54.708809],[158.32,103.147851]]},"raw":{}}
{"exchange":"okx","instance_id":"B","symbol":"SOL-USD","event_ts":1762349865.603,"seq":7218585049509889,"depth":{"last_seq":7218585049509889,"bids":[[158.27,11.26],[158.26,0.049125],[158.25,3.247161],[158.24,0.129142],[158.23,4.104857],[158.22,10.277629],[158.21,0.361255],[158.2,0.197889],[158.19,2.716854],[158.18,21.828073],[158.17,24.396651]],"asks":[[158.22,44.275058],[158.23,31.059624],[158.24,70.775812],[158.25,77.521838],[158.26,57.392071],[158.27,68.029346],[158.28,89.400842],[158.29,52.320317],[158.3,96.707225],[158.31,54.708809],[158.32,103.147851]]},"raw":{}}
{"exchange":"okx","instance_id":"B","symbol":"SOL-USD","event_ts":1762349865.903,"seq":7218585050738689,"depth":{"last_seq":7218585050738689,"bids":[[158.27,11.26],[158.26,0.049125],[158.25,3.247161],[158.24,0.129142],[158.23,4.104857],[158.22,10.277629],[158.21,0.361255],[158.2,0.197889],[158.19,2.716854],[158.18,21.828073],[158.17,24.396651]],"asks":[[158.22,44.275058],[158.23,31.059624],[158.24,70.775812],[158.25,90.172838],[158.26,57.392071],[158.27,68.029346],[158.28,89.400842],[158.29,52.320317],[158.3,96.707225],[158.31,54.708809],[158.32,103.147851]]},"raw":{}}
{"exchange":"okx","instance_id":"B","symbol":"SOL-USD","event_ts":1762349866.103,"seq":7218585051557889,"depth":{"last_seq":7218585051557889,"bids":[[158.27,11.26],[158.26,0.049125],[158.25,3.247161],[158.24,0.129142],[158.23,4.104857],[158.22,10.277629],[158.21,0.361255],[158.2,0.197889],[158.19,2.716854],[158.18,21.828073],[158.17,24.396651]],"asks":[[158.22,44.275058],[158.23,31.059624],[158.24,70.775812],[158.25,77.521838],[158.26,57.392071],[158.27,68.029346],[158.28,89.400842],[158.29,52.320317],[158.3,96.707225],[158.31,54.708809],[158.32,103.147851]]},"raw":{}}
{"exchange":"okx","instance_id":"B","symbol":"SOL-USD","event_ts":1762349866.303,"seq":7218585052377089,"depth":{"last_seq":7218585052377089,"bids":[[158.27,11.26],[158.26,0.049125],[158.25,3.247161],[158.24,0.129142],[158.23,4.104857],[158.22,10.277629],[158.21,0.361255],[158.2,0.197889],[158.19,2.716854],[158.18,21.828073],[158.17,16.965759]],"asks":[[158.22,44.275058],[158.23,31.059624],[158.24,69.361351],[158.25,77.521838],[158.26,58.806532],[158.27,68.029346],[158.28,89.400842],[158.29,52.320317],[158.3,96.707225],[158.31,54.708809],[158.32,103.147851]]},"raw":{}}
{"exchange":"okx","instance_id":"B","symbol":"SOL-USD","event_ts":1762349866.503,"seq":7218585053196289,"depth":{"last_seq":7218585053196289,"bids":[[158.27,11.26],[158.26,0.049125],[158.25,3.247161],[158.24,0.129142],[158.23,4.104857],[158.22,10.277629],[158.21,0.361255],[158.2,0.197889],[158.19,2.716854],[158.18,21.828073],[158.17,16.965759]],"asks":[[158.22,44.275058],[158.23,31.059624],[158.24,69.361351],[158.25,77.521838],[158.26,57.392071],[158.27,68.029346],[158.28,89.400842],[158.29,52.320317],[158.3,96.707225],[158.31,54.708809],[158.32,103.147851]]},"raw":{}}
{"exchange":"okx","instance_id":"B","symbol":"SOL-USD","event_ts":1762350215.703,"seq":7218586483519489,"depth":{"last_seq":7218586483519489,"bids":[[159.31,18.249262],[159.3,35.344537],[159.29,3.23491],[159.28,18.713632],[159.27,53.667629]],"asks":[[159.32,29.32668],[159.33,17.271635],[159.34,48.979773],[159.35,95.31469],[159.36,72.909457]]},"raw":{}}
{"exchange":"okx","instance_id":"B","symbol":"SOL-USD","event_ts":1762350215.803,"seq":7218586483929089,"depth":{"last_seq":7218586483929089,"bids":[[159.31,26.931024],[159.3,35.344537],[159.29,3.23491],[159.28,18.713632],[159.27,53.667629]],"asks":[[159.32,19.123655],[159.33,17.271635],[159.34,48.979773],[159.35,108.402323],[159.36,72.909457]]},"raw":{}}
{"exchange":"okx","instance_id":"B","symbol":"SOL-USD","event_ts":1762350215.903,"seq":7218586484338689,"depth":{"last_seq":7218586484338689,"bids":[[159.31,26.931024],[159.3,35.344537],[159.29,3.23491],[159.28,18.713632],[159.27,53.667629]],"asks":[[159.32,19.123655],[159.33,17.271635],[159.34,62.067852],[159.35,95.31469],[159.36,72.909457]]},"raw":{}}
{"exchange":"okx","instance_id":"B","symbol":"SOL-USD","event_ts":1762350216.003,"seq":7218586484748289,"depth":{"last_seq":7218586484748289,"bids":[[159.31,26.931024],[159.3,35.344537],[159.29,3.23491],[159.28,18.713632],[159.27,53.667629]],"asks":[[159.32,19.123655],[159.33,17.271635],[159.34,62.694989],[159.35,95.31469],[159.36,72.909457]]},"raw":{}}
{"exchange":"okx","instance_id":"B","symbol":"SOL-USD","event_ts":1762350216.203,"seq":7218586485567489,"depth":{"last_seq":7218586485567489,"bids":[[159.33,37.139413],[159.32,51.174681],[159.31,45.043359],[159.3,55.102767],[159.29,22.944322],[159.28,18.713632],[159.27,53.667629]],"asks":[[159.32,19.123655],[159.33,17.271635],[159.34,18.131081],[159.35,43.336275],[159.36,53.152467],[159.37,68.854884],[159.38,112.025372]]},"raw":{}}
{"exchange":"okx","instance_id":"B","symbol":"SOL-USD","event_ts":1762350216.303,"seq":7218586485977089,"depth":{"last_seq":7218586485977089,"bids":[[159.34,1.0],[159.33,49.654554],[159.32,38.214372],[159.31,44.635355],[159.3,77.031687],[159.29,22.944322],[159.28,18.713632],[159.27,53.667629]],"asks":[[159.32,19.123655],[159.33,17.271635],[159.34,18.131081],[159.35,25.887129],[159.36,42.776467],[159.37,73.114603],[159.38,128.625312],[159.39,166.471687]]},"raw":{}}
{"exchange":"okx","instance_id":"B","symbol":"SOL-USD","event_ts":1762350216.403,"seq":7218586486386689,"depth":{"last_seq":7218586486386689,"bids":[[159.34,35.281497],[159.33,34.102922],[159.32,33.656071],[159.31,52.212308],[159.3,77.031687],[159.29,22.944322],[159.28,18.713632],[159.27,53.667629]],"asks":[[159.32,19.123655],[159.33,17.271635],[159.34,18.131081],[159.35,18.9535],[159.36,35.674669],[159.37,61.732711],[159.38,120.849659],[159.39,111.740546]]},"raw":{}}
{"exchange":"okx","instance_id":"B","symbol":"SOL-USD","event_ts":1762350216.503,"seq":7218586486796289,"depth":{"last_seq":7218586486796289,"bids":[[159.34,25.156001],[159.33,33.694918],[159.32,33.704881],[159.31,52.212308],[159.3,77.031687],[159.29,22.944322],[159.28,18.713632],[159.27,53.667629]],"asks":[[159.32,19.123655],[159.33,17.271635],[159.34,18.131081],[159.35,19.001131],[159.36,35.674669],[159.37,73.114403],[159.38,109.468385],[159.39,111.740546]]},"raw":{}}
{"exchange":"okx","instance_id":"B","symbol":"SOL-USD","event_ts":1762350216.603,"seq":7218586487205889,"depth":{"last_seq":7218586487205889,"bids":[[159.34,18.144871],[159.33,33.694918],[159.32,33.704881],[159.31,52.212308],[159.3,77.031687],[159.29,22.944322],[159.28,18.713632],[159.27,53.667629]],"asks":[[159.32,19.123655],[159.33,17.271635],[159.34,18.131081],[159.35,19.001131],[159.36,20.897716],[159.37,73.114403],[159.38,109.468385],[159.39,111.740546]]},"raw":{}}
{"exchange":"okx","instance_id":"B","symbol":"SOL-USD","event_ts":1762350216.703,"seq":7218586487615489,"depth":{"last_seq":7218586487615489,"bids":[[159.34,17.971371],[159.33,33.694918],[159.32,33.704881],[159.31,52.212308],[159.3,77.031687],[159.29,22.944322],[159.28,18.713632],[159.27,53.667629]],"asks":[[159.32,19.123655],[159.33,17.271635],[159.34,18.131081],[159.35,19.199223],[159.36,20.897716],[159.37,73.114403],[159.38,109.326199],[159.39,111.734953]]},"raw":{}}
{"exchange":"okx","instance_id":"B","symbol":"SOL-USD","event_ts":1762350216.803,"seq":7218586488025089,"depth":{"last_seq":7218586488025089,"bids":[[159.34,18.144871],[159.33,33.839918],[159.32,36.475823],[159.31,52.212308],[159.3,77.031687],[159.29,22.944322],[159.28,18.713632],[159.27,53.667629]],"asks":[[159.32,19.123655],[159.33,17.271635],[159.34,18.131081],[159.35,11.825723],[159.36,20.897716],[159.37,73.114403],[159.38,109.326199],[159.39,111.734953]]},"raw":{}}
{"exchange":"okx","instance_id":"B","symbol":"SOL-USD","event_ts":1762350216.903,"seq":7218586488434689,"depth":{"last_seq":7218586488434689,"bids":[[159.34,36.969034],[159.33,36.61086],[159.32,36.475823],[159.31,54.98325],[159.3,77.031687],[159.29,22.944322],[159.28,18.713632],[159.27,53.667629]],"asks":[[159.32,19.123655],[159.33,17.271635],[159.34,18.131081],[159.35,0.245723],[159.36,5.5],[159.37,41.983161],[159.38,123.277696],[159.39,97.489488]]},"raw":{}}
{"exchange":"okx","instance_id":"B","symbol":"SOL-USD","event_ts":1762350217.003,"seq":7218586488844289,"depth":{"last_seq":7218586488844289,"bids":[[159.34,39.611592],[159.33,33.839918],[159.32,33.704881],[159.31,52.212308],[159.3,77.031687],[159.29,22.944322],[159.28,18.713632],[159.27,53.667629]],"asks":[[159.32,19.123655],[159.33,17.271635],[159.34,18.131081],[159.35,0.245723],[159.36,5.5],[159.37,41.983161],[159.38,109.326199],[159.39,111.44046]]},"raw":{}}
{"exchange":"okx","instance_id":"B","symbol":"SOL-USD","event_ts":1762350217.103,"seq":7218586489253889,"depth":{"last_seq":7218586489253889,"bids":[[159.34,27.927874],[159.33,33.839918],[159.32,36.475823],[159.31,52.212308],[159.3,77.345595],[159.29,22.944322],[159.28,18.713632],[159.27,53.667629]],"asks":[[159.32,19.123655],[159.33,17.271635],[159.34,18.131081],[159.35,0.245723],[159.36,16.76],[159.37,41.983161],[159.38,109.326199],[159.39,111.44046],[159.4,90.261015]]},"raw":{}}
{"exchange":"okx","instance_id":"B","symbol":"SOL-USD","event_ts":1762350217.203,"seq":7218586489663489,"depth":{"last_seq":7218586489663489,"bids":[[159.34,31.860101],[159.33,33.839918],[159.32,33.704881],[159.31,52.212308],[159.3,77.345595],[159.29,22.944322],[159.28,18.713632],[159.27,53.667629]],"asks":[[159.32,19.123655],[159.33,17.271635],[159.34,18.131081],[159.35,13.71607],[159.36,15.470942],[159.37,44.754103],[159.38,120.707172],[159.39,100.059934],[159.4,90.261015]]},"raw":{}}
{"exchange":"okx","instance_id":"B","symbol":"SOL-USD","event_ts":1762350217.303,"seq":7218586490073089,"depth":{"last_seq":7218586490073089,"bids":[[159.34,30.849653],[159.33,36.611382],[159.32,36.476345],[159.31,54.983772],[159.3,77.345595],[159.29,22.944322],[159.28,18.713632],[159.27,53.667629]],"asks":[[159.32,19.123655],[159.33,17.271635],[159.34,18.131081],[159.35,13.71607],[159.36,12.7],[159.37,41.983161],[159.38,120.707172],[159.39,100.059934],[159.4,90.261015]]},"raw":{}}
{"exchange":"okx","instance_id":"B","symbol":"SOL-USD","event_ts":1762350217.403,"seq":7218586490482689,"depth":{"last_seq":7218586490482689,"bids":[[159.35,16.345861],[159.34,19.884901],[159.33,41.090224],[159.32,41.728693],[159.31,87.049088],[159.3,77.345595],[159.29,22.944322],[159.28,18.713632],[159.27,53.667629]],"asks":[[159.32,19.123655],[159.33,17.271635],[159.34,18.131081],[159.35,13.71607],[159.36,44.764083],[159.37,41.983161],[159.38,120.707172],[159.39,100.059934],[159.4,90.261015]]},"raw":{}}
{"exchange":"okx","instance_id":"B","symbol":"SOL-USD","event_ts":1762350217.503,"seq":7218586490892289,"depth":{"last_seq":7218586490892289,"bids":[[159.35,34.718208],[159.34,33.250837],[159.33,41.090224],[159.32,41.728693],[159.31,87.049088],[159.3,77.345595],[159.29,22.944322],[159.28,18.713632],[159.27,53.667629]],"asks":[[159.32,19.123655],[159.33,17.271635],[159.34,18.131081],[159.35,13.71607],[159.36,31.985308],[159.37,42.912437],[159.38,109.326199],[159.39,100.059934],[159.4,81.007323]]},"raw":{}}
{"exchange":"okx","instance_id":"B","symbol":"SOL-USD","event_ts":1762350217.603,"seq":7218586491301889,"depth":{"last_seq":7218586491301889,"bids":[[159.35,33.84817],[159.34,33.299641],[159.33,41.041418],[159.32,41.728693],[159.31,87.049088],[159.3,77.345595],[159.29,22.944322],[159.28,18.713632],[159.27,53.667629]],"asks":[[159.32,19.123655],[159.33,17.271635],[159.34,18.131081],[159.35,13.71607],[159.36,32.158808],[159.37,42.912437],[159.38,109.326199],[159.39,111.440589],[159.4,81.007323]]},"raw":{}}
{"exchange":"okx","instance_id":"B","symbol":"SOL-USD","event_ts":1762350217.703,"seq":7218586491711489,"depth":{"last_seq":7218586491711489,"bids":[[159.35,15.475823],[159.34,33.299641],[159.33,41.041418],[159.32,41.728693],[159.31,87.049088],[159.3,77.345595],[159.29,22.944322],[159.28,18.713632],[159.27,53.667629]],"asks":[[159.32,19.123655],[159.33,17.271635],[159.34,18.131081],[159.35,13.71607],[159.36,33.608808],[159.37,42.912437],[159.38,120.707171],[159.39,100.059934],[159.4,86.947323]]},"raw":{}}
{"exchange":"okx","instance_id":"B","symbol":"SOL-USD","event_ts":1762350217.903,"seq":7218586492530689,"depth":{"last_seq":7218586492530689,"bids":[[159.35,15.475823],[159.34,12.506649],[159.33,22.381418],[159.32,41.728693],[159.31,87.049088],[159.3,62.265555],[159.29,22.944322],[159.28,18.713632],[159.27,53.667629]],"asks":[[159.32,19.123655],[159.33,17.271635],[159.34,18.131081],[159.35,53.266789],[159.36,34.102845],[159.37,58.311206],[159.38,109.326199],[159.39,100.059934],[159.4,86.947323]]},"raw":{}}
{"exchange":"okx","instance_id":"B","symbol":"SOL-USD","event_ts":1762350218.003,"seq":7218586492940289,"depth":{"last_seq":7218586492940289,"bids":[[159.35,15.475823],[159.34,12.457819],[159.33,22.381418],[159.32,41.728693],[159.31,87.049088],[159.3,79.710042],[159.29,22.944322],[159.28,18.713632],[159.27,53.667629]],"asks":[[159.32,19.123655],[159.33,17.271635],[159.34,18.131081],[159.35,53.266789],[159.36,37.34666],[159.37,55.540946],[159.38,111.896645],[159.39,97.489488],[159.4,86.947323]]},"raw":{}}
{"exchange":"okx","instance_id":"B","symbol":"SOL-USD","event_ts":1762350218.103,"seq":7218586493349889,"depth":{"last_seq":7218586493349889,"bids":[[159.35,15.475823],[159.34,12.409015],[159.33,0.195307],[159.32,28.818693],[159.31,87.049088],[159.3,79.710042],[159.29,22.944322],[159.28,18.713632],[159.27,53.667629]],"asks":[[159.32,19.123655],[159.33,17.271635],[159.34,18.131081],[159.35,53.299324],[159.36,52.921806],[159.37,42.912437],[159.38,126.14211],[159.39,97.489488],[159.4,86.947323]]},"raw":{}}
{"exchange":"okx","instance_id":"B","symbol":"SOL-USD","event_ts":1762350218.203,"seq":7218586493759489,"depth":{"last_seq":7218586493759489,"bids":[[159.35,15.475823],[159.34,12.409015],[159.33,0.195307],[159.32,14.289401],[159.31,25.975355],[159.3,77.031437],[159.29,34.13081],[159.28,44.130205],[159.27,53.667629]],"asks":[[159.32,19.123655],[159.33,36.492705],[159.34,65.433394],[159.35,62.54482],[159.36,38.148196],[159.37,42.912437],[159.38,126.14211],[159.39,97.489488],[159.4,86.947323]]},"raw":{}}
{"exchange":"okx","instance_id":"B","symbol":"SOL-USD","event_ts":1762350218.303,"seq":7218586494169089,"depth":{"last_seq":7218586494169089,"bids":[[159.35,15.475823],[159.34,12.409015],[159.33,0.195307],[159.32,14.289401],[159.31,25.975355],[159.3,84.231437],[159.29,34.13081],[159.28,44.130205],[159.27,53.667629]],"asks":[[159.32,19.123655],[159.33,36.492705],[159.34,39.871958],[159.35,50.206902],[159.36,51.986709],[159.37,77.762887],[159.38,126.14211],[159.39,97.489488],[159.4,86.947323]]},"raw":{}}
{"exchange":"okx","instance_id":"B","symbol":"SOL-USD","event_ts":1762350218.403,"seq":7218586494578689,"depth":{"last_seq":7218586494578689,"bids":[[159.35,15.475823],[159.34,12.409015],[159.33,0.195307],[159.32,14.289401],[159.31,32.311454],[159.3,44.965429],[159.29,36.902822],[159.28,57.008687],[159.27,42.800346]],"asks":[[159.32,30.245595],[159.33,34.546439],[159.34,39.82316],[159.35,37.57712],[159.36,51.986709],[159.37,77.762887],[159.38,126.14211],[159.39,97.489488],[159.4,86.947323]]},"raw":{}}
{"exchange":"okx","instance_id":"B","symbol":"SOL-USD","event_ts":1762350218.503,"seq":7218586494988289,"depth":{"last_seq":7218586494988289,"bids":[[159.35,15.475823],[159.34,12.409015],[159.33,0.195307],[159.32,14.289401],[159.31,16.49092],[159.3,42.226514],[159.29,34.064624],[159.28,54.236675],[159.27,36.156334]],"asks":[[159.32,35.005595],[159.33,26.858936],[159.34,49.821807],[159.35,94.144581],[159.36,71.742459],[159.37,77.762887],[159.38,126.14211],[159.39,97.489488],[159.4,86.947323]]},"raw":{}}
{"exchange":"okx","instance_id":"B","symbol":"SOL-USD","event_ts":1762350218.603,"seq":7218586495397889,"depth":{"last_seq":7218586495397889,"bids":[[159.35,15.475823],[159.34,12.409015],[159.33,0.195307],[159.32,14.289401],[159.31,16.49092],[159.3,37.207634],[159.29,0.216463],[159.28,8.142033],[159.27,16.083065],[159.26,122.504585]],"asks":[[159.31,65.703176],[159.32,16.673025],[159.33,26.860436],[159.34,58.919388],[159.35,81.514488],[159.36,71.742459],[159.37,77.762887],[159.38,126.14211],[159.39,97.489488],[159.4,86.947323]]},"raw":{}}
{"exchange":"okx","instance_id":"B","symbol":"SOL-USD","event_ts":1762350218.703,"seq":7218586495807489,"depth":{"last_seq":7218586495807489,"bids":[[159.35,15.475823],[159.34,12.409015],[159.33,0.195307],[159.32,14.289401],[159.31,16.49092],[159.3,35.377634],[159.29,12.616089],[159.28,3.726077],[159.27,19.264114],[159.26,122.500865]],"asks":[[159.31,51.387658],[159.32,37.105365],[159.33,37.121366],[159.34,73.164853],[159.35,88.867949],[159.36,71.742459],[159.37,77.762887],[159.38,126.14211],[159.39,97.489488],[159.4,86.947323]]},"raw":{}}
{"exchange":"okx","instance_id":"B","symbol":"SOL-USD","event_ts":1762350218.803,"seq":7218586496217089,"depth":{"last_seq":7218586496217089,"bids":[[159.35,15.475823],[159.34,12.409015],[159.33,0.195307],[159.32,14.289401],[159.31,16.49092],[159.3,35.377634],[159.29,12.616089],[159.28,0.955056],[159.27,19.065174],[159.26,61.909632]],"asks":[[159.31,51.387658],[159.32,37.105365],[159.33,37.121366],[159.34,73.164853],[159.35,88.867949],[159.36,71.742459],[159.37,77.762887],[159.38,126.14211],[159.39,97.489488],[159.4,86.947323]]},"raw":{}}
{"exchange":"okx","instance_id":"B","symbol":"SOL-USD","event_ts":1762350218.903,"seq":7218586496626689,"depth":{"last_seq":7218586496626689,"bids":[[159.35,15.475823],[159.34,12.409015],[159.33,0.195307],[159.32,14.289401],[159.31,16.49092],[159.3,35.448308],[159.29,12.717089],[159.28,0.955056],[159.27,16.294153],[159.26,46.824162]],"asks":[[159.31,51.387658],[159.32,37.105365],[159.33,37.121366],[159.34,73.164853],[159.35,81.514488],[159.36,71.742459],[159.37,77.762887],[159.38,126.14211],[159.39,97.489488],[159.4,86.947323]]},"raw":{}}
{"exchange":"okx","instance_id":"B","symbol":"SOL-USD","event_ts":1762350219.003,"seq":7218586497036289,"depth":{"last_seq":7218586497036289,"bids":[[159.35,15.475823],[159.34,12.409015],[159.33,0.195307],[159.32,14.289401],[159.31,16.49092],[159.3,47.860785],[159.29,0.304442],[159.28,7.153556],[159.27,36.049903],[159.26,46.824162]],"asks":[[159.31,51.387658],[159.32,39.647694],[159.33,49.75311],[159.34,79.103853],[159.35,81.514488],[159.36,71.742459],[159.37,77.762887],[159.38,126.14211],[159.39,97.489488],[159.4,86.947323]]},"raw":{}}
{"exchange":"okx","instance_id":"B","symbol":"SOL-USD","event_ts":1762350219.103,"seq":7218586497445889,"depth":{"last_seq":7218586497445889,"bids":[[159.35,15.475823],[159.34,12.409015],[159.33,0.195307],[159.32,14.289401],[159.31,16.49092],[159.3,47.790111],[159.29,0.304442],[159.28,7.153556],[159.27,43.850038],[159.26,46.824162]],"asks":[[159.31,51.387658],[159.32,39.647694],[159.33,49.75311],[159.34,79.103853],[159.35,81.514488],[159.36,71.742459],[159.37,77.762887],[159.38,126.14211],[159.39,97.489488],[159.4,86.947323]]},"raw":{}}
{"exchange":"okx","instance_id":"B","symbol":"SOL-USD","event_ts":1762350219.403,"seq":7218586498674689,"depth":{"last_seq":7218586498674689,"bids":[[159.35,15.475823],[159.34,12.409015],[159.33,0.195307],[159.32,14.289401],[159.31,16.49092],[159.3,47.790111],[159.29,0.304442],[159.28,14.353556],[159.27,43.850038],[159.26,46.824162]],"asks":[[159.31,51.387658],[159.32,39.647694],[159.33,49.75311],[159.34,79.103853],[159.35,81.514488],[159.36,71.742459],[159.37,77.762887],[159.38,126.14211],[159.39,97.489488],[159.4,86.947323]]},"raw":{}}
{"exchange":"okx","instance_id":"B","symbol":"SOL-USD","event_ts":1762350219.503,"seq":7218586499084289,"depth":{"last_seq":7218586499084289,"bids":[[159.35,15.475823],[159.34,12.409015],[159.33,0.195307],[159.32,14.289401],[159.31,16.49092],[159.3,47.790111],[159.29,0.304442],[159.28,7.153556],[159.27,43.853758],[159.26,46.824162]],"asks":[[159.31,51.387658],[159.32,39.647694],[159.33,49.75311],[159.34,79.103853],[159.35,81.514488],[159.36,71.742459],[159.37,77.762887],[159.38,126.14211],[159.39,97.489488],[159.4,86.947323]]},"raw":{}}
{"exchange":"okx","instance_id":"B","symbol":"SOL-USD","event_ts":1762350219.603,"seq":7218586499493889,"depth":{"last_seq":7218586499493889,"bids":[[159.35,15.475823],[159.34,12.409015],[159.33,0.195307],[159.32,14.289401],[159.31,16.49092],[159.3,47.790111],[159.29,0.304442],[159.28,14.353556],[159.27,43.853758],[159.26,46.824162]],"asks":[[159.31,44.187658],[159.32,39.647694],[159.33,49.75311],[159.34,79.103853],[159.35,81.514488],[159.36,71.742459],[159.37,77.762887],[159.38,126.14211],[159.39,97.489488],[159.4,86.947323]]},"raw":{}}
{"exchange":"okx","instance_id":"B","symbol":"SOL-USD","event_ts":1762350219.903,"seq":7218586500722689,"depth":{"last_seq":7218586500722689,"bids":[[159.35,15.475823],[159.34,12.409015],[159.33,0.195307],[159.32,14.289401],[159.31,16.49092],[159.3,78.397873],[159.29,3.071187],[159.28,17.120301],[159.27,46.620503],[159.26,49.590907]],"asks":[[159.31,1.048808],[159.32,22.974669],[159.33,33.10092],[159.34,81.674299],[159.35,81.514488],[159.36,71.742459],[159.37,77.762887],[159.38,126.14211],[159.39,97.489488],[159.4,86.947323]]},"raw":{}}
{"exchange":"okx","instance_id":"B","symbol":"SOL-USD","event_ts":1762350220.003,"seq":7218586501132289,"depth":{"last_seq":7218586501132289,"bids":[[159.35,15.475823],[159.34,12.409015],[159.33,0.195307],[159.32,14.289401],[159.31,16.49092],[159.3,51.920785],[159.29,0.304442],[159.28,17.120301],[159.27,43.853758],[159.26,46.824162]],"asks":[[159.31,27.656525],[159.32,0.048813],[159.33,41.14624],[159.34,96.776539],[159.35,66.415938],[159.36,71.742459],[159.37,77.762887],[159.38,126.14211],[159.39,97.489488],[159.4,86.947323]]},"raw":{}}
{"exchange":"okx","instance_id":"B","symbol":"SOL-USD","event_ts":1762350220.103,"seq":7218586501541889,"depth":{"last_seq":7218586501541889,"bids":[[159.35,15.475823],[159.34,12.409015],[159.33,0.195307],[159.32,14.289401],[159.31,16.49092],[159.3,56.475047000000004],[159.29,3.071187],[159.28,17.120301],[159.27,46.620503],[159.26,49.590907]],"asks":[[159.31,7.769044],[159.32,0.048813],[159.33,41.14624],[159.34,88.267093],[159.35,68.986384],[159.36,71.742459],[159.37,77.762887],[159.38,126.14211],[159.39,97.489488],[159.4,86.947323]]},"raw":{}}
{"exchange":"okx","instance_id":"B","symbol":"SOL-USD","event_ts":1762350220.203,"seq":7218586501951489,"depth":{"last_seq":7218586501951489,"bids":[[159.35,15.475823],[159.34,12.409015],[159.33,0.195307],[159.32,14.289401],[159.31,16.49092],[159.3,63.380785],[159.29,3.071187],[159.28,17.120301],[159.27,46.620503],[159.26,49.590907]],"asks":[[159.31,11.659044],[159.32,7.692449],[159.33,41.14624],[159.34,108.026563],[159.35,87.574586],[159.36,71.742459],[159.37,77.762887],[159.38,126.14211],[159.39,97.489488],[159.4,86.947323]]},"raw":{}}
{"exchange":"okx","instance_id":"B","symbol":"SOL-USD","event_ts":1762350220.303,"seq":7218586502361089,"depth":{"last_seq":7218586502361089,"bids":[[159.35,15.475823],[159.34,12.409015],[159.33,0.195307],[159.32,14.289401],[159.31,16.49092],[159.3,63.554285],[159.29,3.071187],[159.28,17.120301],[159.27,46.620503],[159.26,49.590907]],"asks":[[159.31,1.125544],[159.32,0.048813],[159.33,41.14624],[159.34,120.677532],[159.35,74.924384],[159.36,71.742459],[159.37,77.762887],[159.38,126.14211],[159.39,97.489488],[159.4,86.947323]]},"raw":{}}
{"exchange":"okx","instance_id":"B","symbol":"SOL-USD","event_ts":1762350220.403,"seq":7218586502770689,"depth":{"last_seq":7218586502770689,"bids":[[159.35,15.475823],[159.34,12.409015],[159.33,0.195307],[159.32,14.289401],[159.31,16.49092],[159.3,63.962319],[159.29,3.071187],[159.28,17.120301],[159.27,46.620503],[159.26,49.590907]],"asks":[[159.31,20.894391],[159.32,0.048813],[159.33,41.14624],[159.34,108.026563],[159.35,87.574948],[159.36,71.742459],[159.37,77.762887],[159.38,126.14211],[159.39,97.489488],[159.4,86.947323]]},"raw":{}}
{"exchange":"okx","instance_id":"B","symbol":"SOL-USD","event_ts":1762350220.503,"seq":7218586503180289,"depth":{"last_seq":7218586503180289,"bids":[[159.35,15.475823],[159.34,12.409015],[159.33,0.195307],[159.32,14.289401],[159.31,16.49092],[159.3,63.962319],[159.29,0.304442],[159.28,17.120301],[159.27,46.620503],[159.26,49.590907]],"asks":[[159.31,13.694391],[159.32,0.048813],[159.33,41.14624],[159.34,108.026563],[159.35,87.574948],[159.36,71.742459],[159.37,77.762887],[159.38,126.14211],[159.39,97.489488],[159.4,86.947323]]},"raw":{}}
{"exchange":"okx","instance_id":"B","symbol":"SOL-USD","event_ts":1762350220.603,"seq":7218586503589889,"depth":{"last_seq":7218586503589889,"bids":[[159.35,15.475823],[159.34,12.409015],[159.33,0.195307],[159.32,14.289401],[159.31,16.49092],[159.3,63.788819],[159.29,0.304442],[159.28,17.120301],[159.27,46.620503],[159.26,49.590907]],"asks":[[159.31,13.867891],[159.32,0.054405],[159.33,41.14624],[159.34,120.677641],[159.35,74.924384],[159.36,71.742459],[159.37,77.762887],[159.38,126.14211],[159.39,97.489488],[159.4,86.947323]]},"raw":{}}
{"exchange":"okx","instance_id":"B","symbol":"SOL-USD","event_ts":1762350220.703,"seq":7218586503999489,"depth":{"last_seq":7218586503999489,"bids":[[159.35,15.475823],[159.34,12.409015],[159.33,0.195307],[159.32,14.289401],[159.31,16.49092],[159.3,52.258145],[159.29,0.304442],[159.28,17.120301],[159.27,46.620503],[159.26,46.824162]],"asks":[[159.31,29.820916],[159.32,0.054405],[159.33,41.14624],[159.34,106.432279],[159.35,68.986384],[159.36,71.742459],[159.37,77.762887],[159.38,126.14211],[159.39,97.489488],[159.4,86.947323]]},"raw":{}}
{"exchange":"okx","instance_id":"B","symbol":"SOL-USD","event_ts":1762350220.803,"seq":7218586504409089,"depth":{"last_seq":7218586504409089,"bids":[[159.35,15.475823],[159.34,12.409015],[159.33,0.195307],[159.32,14.289401],[159.31,16.49092],[159.3,47.790111],[159.29,0.304442],[159.28,0.942033],[159.27,12.197039],[159.26,49.590907]],"asks":[[159.31,62.579729],[159.32,15.180126],[159.33,41.773377],[159.34,108.026563],[159.35,68.986384],[159.36,71.742459],[159.37,77.762887],[159.38,126.14211],[159.39,97.489488],[159.4,86.947323]]},"raw":{}}
{"exchange":"okx","instance_id":"B","symbol":"SOL-USD","event_ts":1762350220.903,"seq":7218586504818689,"depth":{"last_seq":7218586504818689,"bids":[[159.35,15.475823],[159.34,12.409015],[159.33,0.195307],[159.32,14.289401],[159.31,16.49092],[159.3,47.790111],[159.29,0.304442],[159.28,8.15551],[159.27,27.280932],[159.26,49.594627]],"asks":[[159.31,62.530916],[159.32,23.029074],[159.33,54.425554],[159.34,108.026563],[159.35,68.986384],[159.36,71.742459],[159.37,77.762887],[159.38,126.14211],[159.39,97.489488],[159.4,86.947323]]},"raw":{}}
{"exchange":"okx","instance_id":"B","symbol":"SOL-USD","event_ts":1762350221.003,"seq":7218586505228289,"depth":{"last_seq":7218586505228289,"bids":[[159.35,15.475823],[159.34,12.409015],[159.33,0.195307],[159.32,14.289401],[159.31,16.49092],[159.3,47.790111],[159.29,0.304442],[159.28,15.955645],[159.27,47.040402],[159.26,46.827882]],"asks":[[159.31,62.405372],[159.32,23.029074],[159.33,53.798417],[159.34,108.026563],[159.35,68.986384],[159.36,71.742459],[159.37,77.762887],[159.38,126.14211],[159.39,97.489488],[159.4,86.947323]]},"raw":{}}
{"exchange":"okx","instance_id":"B","symbol":"SOL-USD","event_ts":1762350221.103,"seq":7218586505637889,"depth":{"last_seq":7218586505637889,"bids":[[159.35,15.475823],[159.34,12.409015],[159.33,0.195307],[159.32,14.289401],[159.31,16.49092],[159.3,47.860785],[159.29,0.304442],[159.28,15.955645],[159.27,47.040402],[159.26,46.827882]],"asks":[[159.31,62.536508],[159.32,23.023482],[159.33,53.798417],[159.34,108.026563],[159.35,68.986384],[159.36,71.742459],[159.37,77.762887],[159.38,126.14211],[159.39,97.489488],[159.4,86.947323]]},"raw":{}}
{"exchange":"okx","instance_id":"B","symbol":"SOL-USD","event_ts":1762350221.203,"seq":7218586506047489,"depth":{"last_seq":7218586506047489,"bids":[[159.35,15.475823],[159.34,12.409015],[159.33,0.195307],[159.32,14.289401],[159.31,16.49092],[159.3,47.790111],[159.29,0.304442],[159.28,8.755645],[159.27,44.273657],[159.26,46.827882]],"asks":[[159.31,62.585321],[159.32,27.832675],[159.33,41.14624],[159.34,108.026563],[159.35,68.986384],[159.36,71.742459],[159.37,77.762887],[159.38,126.14211],[159.39,97.489488],[159.4,86.947323]]},"raw":{}}
{"exchange":"okx","instance_id":"B","symbol":"SOL-USD","event_ts":1762350221.403,"seq":7218586506866689,"depth":{"last_seq":7218586506866689,"bids":[[159.35,15.475823],[159.34,12.409015],[159.33,0.195307],[159.32,14.289401],[159.31,16.49092],[159.3,47.790111],[159.29,0.304442],[159.28,8.755645],[159.27,44.273657],[159.26,46.827882]],"asks":[[159.31,62.236191],[159.32,27.832675],[159.33,41.14624],[159.34,108.026563],[159.35,68.986384],[159.36,71.742459],[159.37,77.762887],[159.38,126.14211],[159.39,97.489488],[159.4,86.947323]]},"raw":{}}
{"exchange":"okx","instance_id":"B","symbol":"SOL-USD","event_ts":1762350221.703,"seq":7218586508095489,"depth":{"last_seq":7218586508095489,"bids":[[159.35,15.475823],[159.34,12.409015],[159.33,0.195307],[159.32,14.289401],[159.31,16.49092],[159.3,46.58537],[159.29,0.304442],[159.28,8.755645],[159.27,44.273657],[159.26,45.482374]],"asks":[[159.31,62.105055],[159.32,27.827093],[159.33,41.14624],[159.34,108.026563],[159.35,68.986384],[159.36,71.742459],[159.37,77.762887],[159.38,126.14211],[159.39,97.489488],[159.4,86.947323]]},"raw":{}}
{"exchange":"okx","instance_id":"B","symbol":"SOL-USD","event_ts":1762350221.803,"seq":7218586508505089,"depth":{"last_seq":7218586508505089,"bids":[[159.35,15.475823],[159.34,12.409015],[159.33,0.195307],[159.32,14.289401],[159.31,16.49092],[159.3,46.58537],[159.29,0.304442],[159.28,8.755645],[159.27,44.273657],[159.26,45.482374]],"asks":[[159.31,62.105055],[159.32,27.969393],[159.33,41.14624],[159.34,108.026563],[159.35,68.986384],[159.36,71.742459],[159.37,77.762887],[159.38,126.14211],[159.39,97.489488],[159.4,86.947323]]},"raw":{}}
{"exchange":"okx","instance_id":"B","symbol":"SOL-USD","event_ts":1762350221.903,"seq":7218586508914689,"depth":{"last_seq":7218586508914689,"bids":[[159.35,15.475823],[159.34,12.409015],[159.33,0.195307],[159.32,14.289401],[159.31,16.49092],[159.3,46.58537],[159.29,0.370628],[159.28,8.755645],[159.27,44.273657],[159.26,45.482374]],"asks":[[159.31,62.105055],[159.32,27.969393],[159.33,41.14624],[159.34,107.993466],[159.35,68.986384],[159.36,71.742459],[159.37,77.762887],[159.38,126.14211],[159.39,97.489488],[159.4,86.947323]]},"raw":{}}
{"exchange":"okx","instance_id":"B","symbol":"SOL-USD","event_ts":1762350222.103,"seq":7218586509733889,"depth":{"last_seq":7218586509733889,"bids":[[159.35,15.475823],[159.34,12.409015],[159.33,0.195307],[159.32,14.289401],[159.31,16.49092],[159.3,46.58537],[159.29,0.370628],[159.28,8.755645],[159.27,44.273657],[159.26,16.71017],[159.25,7.624964],[159.24,52.467648],[159.23,40.023803],[159.22,69.141301]],"asks":[[159.27,29.965375],[159.29,27.370589],[159.3,52.728897],[159.31,65.816367],[159.32,35.205446],[159.33,41.14624],[159.34,107.993466],[159.35,68.986384],[159.36,71.742459],[159.37,77.762887],[159.38,126.14211],[159.39,97.489488],[159.4,86.947323]]},"raw":{}}
{"exchange":"okx","instance_id":"B","symbol":"SOL-USD","event_ts":1762350222.203,"seq":7218586510143489,"depth":{"last_seq":7218586510143489,"bids":[[159.35,15.475823],[159.34,12.409015],[159.33,0.195307],[159.32,14.289401],[159.31,16.49092],[159.3,46.58537],[159.29,0.370628],[159.28,8.755645],[159.27,44.273657],[159.26,17.374432],[159.25,7.624964],[159.24,32.699498],[159.23,40.023803],[159.22,72.479191]],"asks":[[159.27,19.356525],[159.29,27.370589],[159.3,40.73579],[159.31,71.381664],[159.32,50.217089],[159.33,41.14624],[159.34,107.993466],[159.35,68.986384],[159.36,71.742459],[159.37,77.762887],[159.38,126.14211],[159.39,97.489488],[159.4,86.947323]]},"raw":{}}
{"exchange":"okx","instance_id":"B","symbol":"SOL-USD","event_ts":1762350222.303,"seq":7218586510553089,"depth":{"last_seq":7218586510553089,"bids":[[159.35,15.475823],[159.34,12.409015],[159.33,0.195307],[159.32,14.289401],[159.31,16.49092],[159.3,46.58537],[159.29,0.370628],[159.28,8.755645],[159.27,44.273657],[159.26,12.82017],[159.25,7.624964],[159.24,32.699498],[159.23,40.023803],[159.22,72.479191]],"asks":[[159.27,25.826525],[159.28,6.907411],[159.29,22.976879],[159.3,43.511034],[159.31,71.381664],[159.32,50.217089],[159.33,41.14624],[159.34,107.993466],[159.35,68.986384],[159.36,71.742459],[159.37,77.762887],[159.38,126.14211],[159.39,97.489488],[159.4,86.947323]]},"raw":{}}
{"exchange":"okx","instance_id":"B","symbol":"SOL-USD","event_ts":1762350222.403,"seq":7218586510962689,"depth":{"last_seq":7218586510962689,"bids":[[159.35,15.475823],[159.34,12.409015],[159.33,0.195307],[159.32,14.289401],[159.31,16.49092],[159.3,46.58537],[159.29,0.370628],[159.28,8.755645],[159.27,44.273657],[159.26,22.610394],[159.25,15.057424],[159.24,32.699498],[159.23,45.223803],[159.22,79.581007]],"asks":[[159.27,25.826525],[159.28,0.048813],[159.29,21.493687],[159.3,43.511034],[159.31,71.381664],[159.32,50.217089],[159.33,41.14624],[159.34,107.993466],[159.35,68.986384],[159.36,71.742459],[159.37,77.762887],[159.38,126.14211],[159.39,97.489488],[159.4,86.947323]]},"raw":{}}
{"exchange":"okx","instance_id":"B","symbol":"SOL-USD","event_ts":1762350222.503,"seq":7218586511372289,"depth":{"last_seq":7218586511372289,"bids":[[159.35,15.475823],[159.34,12.409015],[159.33,0.195307],[159.32,14.289401],[159.31,16.49092],[159.3,46.58537],[159.29,0.370628],[159.28,8.755645],[159.27,44.273657],[159.26,25.290435],[159.25,7.282977],[159.24,32.707997],[159.23,45.232302],[159.22,75.179007]],"asks":[[159.27,18.626525],[159.28,7.625766],[159.29,28.664883],[159.3,71.181525],[159.31,69.431664],[159.32,50.217089],[159.33,41.14624],[159.34,107.993466],[159.35,68.986384],[159.36,71.742459],[159.37,77.762887],[159.38,126.14211],[159.39,97.489488],[159.4,86.947323]]},"raw":{}}
{"exchange":"okx","instance_id":"B","symbol":"SOL-USD","event_ts":1762350222.603,"seq":7218586511781889,"depth":{"last_seq":7218586511781889,"bids":[[159.35,15.475823],[159.34,12.409015],[159.33,0.195307],[159.32,14.289401],[159.31,16.49092],[159.3,46.58537],[159.29,0.370628],[159.28,8.755645],[159.27,44.273657],[159.26,16.38389],[159.25,14.704185],[159.24,32.707997],[159.23,45.232302],[159.22,75.179007]],"asks":[[159.27,25.826525],[159.28,7.625766],[159.29,28.664883],[159.3,71.181525],[159.31,69.431664],[159.32,50.217089],[159.33,41.14624],[159.34,107.993466],[159.35,68.986384],[159.36,71.742459],[159.37,77.762887],[159.38,126.14211],[159.39,97.489488],[159.4,86.947323]]},"raw":{}}
{"exchange":"okx","instance_id":"B","symbol":"SOL-USD","event_ts":1762350222.703,"seq":7218586512191489,"depth":{"last_seq":7218586512191489,"bids":[[159.35,15.475823],[159.34,12.409015],[159.33,0.195307],[159.32,14.289401],[159.31,16.49092],[159.3,46.58537],[159.29,0.370628],[159.28,8.755645],[159.27,44.273657],[159.26,13.731843],[159.25,8.393264],[159.24,9.975244],[159.23,20.264152],[159.22,68.08569]],"asks":[[159.27,57.086525],[159.28,17.173347],[159.29,28.664883],[159.3,57.551701],[159.31,74.898664],[159.32,50.217089],[159.33,41.14624],[159.34,107.993466],[159.35,68.986384],[159.36,71.742459],[159.37,77.762887],[159.38,126.14211],[159.39,97.489488],[159.4,86.947323]]},"raw":{}}
{"exchange":"okx","instance_id":"B","symbol":"SOL-USD","event_ts":1762350222.803,"seq":7218586512601089,"depth":{"last_seq":7218586512601089,"bids":[[159.35,15.475823],[159.34,12.409015],[159.33,0.195307],[159.32,14.289401],[159.31,16.49092],[159.3,46.58537],[159.29,0.370628],[159.28,8.755645],[159.27,44.273657],[159.26,49.77057],[159.25,11.157688],[159.24,9.986064],[159.23,32.672289],[159.22,68.08569]],"asks":[[159.27,1.048813],[159.28,17.124534],[159.29,28.664883],[159.3,62.216029],[159.31,91.097867],[159.32,50.217089],[159.33,41.14624],[159.34,107.993466],[159.35,68.986384],[159.36,71.742459],[159.37,77.762887],[159.38,126.14211],[159.39,97.489488],[159.4,86.947323]]},"raw":{}}
{"exchange":"okx","instance_id":"B","symbol":"SOL-USD","event_ts":1762350222.903,"seq":7218586513010689,"depth":{"last_seq":7218586513010689,"bids":[[159.35,15.475823],[159.34,12.409015],[159.33,0.195307],[159.32,14.289401],[159.31,16.49092],[159.3,46.58537],[159.29,0.370628],[159.28,8.755645],[159.27,44.273657],[159.26,74.781397],[159.25,43.957823],[159.24,42.808489],[159.23,57.672289],[159.22,65.310446]],"asks":[[159.27,1.0],[159.28,2.031936],[159.29,11.518443],[159.3,47.970564],[159.31,59.44264],[159.32,50.217089],[159.33,41.14624],[159.34,107.993466],[159.35,68.986384],[159.36,71.742459],[159.37,77.762887],[159.38,126.14211],[159.39,97.489488],[159.4,86.947323]]},"raw":{}}
{"exchange":"okx","instance_id":"B","symbol":"SOL-USD","event_ts":1762350223.003,"seq":7218586513420289,"depth":{"last_seq":7218586513420289,"bids":[[159.35,15.475823],[159.34,12.409015],[159.33,0.195307],[159.32,14.289401],[159.31,16.49092],[159.3,46.58537],[159.29,0.370628],[159.28,8.755645],[159.27,68.364452],[159.26,36.873499],[159.25,43.959323],[159.24,42.808489],[159.23,57.264152],[159.22,65.310446]],"asks":[[159.27,1.0],[159.28,2.031936],[159.29,5.2015],[159.3,26.789854],[159.31,59.44264],[159.32,89.214445],[159.33,41.14624],[159.34,107.993466],[159.35,68.986384],[159.36,71.742459],[159.37,77.762887],[159.38,126.14211],[159.39,97.489488],[159.4,86.947323]]},"raw":{}}
{"exchange":"okx","instance_id":"B","symbol":"SOL-USD","event_ts":1762350223.103,"seq":7218586513829889,"depth":{"last_seq":7218586513829889,"bids":[[159.35,15.475823],[159.34,12.409015],[159.33,0.195307],[159.32,14.289401],[159.31,16.49092],[159.3,46.58537],[159.29,0.370628],[159.28,121.01434],[159.27,90.813797],[159.26,64.474063],[159.25,48.746905],[159.24,83.113147],[159.23,57.264152],[159.22,65.310446]],"asks":[[159.27,1.0],[159.28,2.031936],[159.29,5.2015],[159.3,0.048826],[159.31,11.8615],[159.32,30.457619],[159.33,74.036576],[159.34,152.085687],[159.35,68.986384],[159.36,71.742459],[159.37,77.762887],[159.38,126.14211],[159.39,97.489488],[159.4,86.947323]]},"raw":{}}
{"exchange":"okx","instance_id":"B","symbol":"SOL-USD","event_ts":1762350223.203,"seq":7218586514239489,"depth":{"last_seq":7218586514239489,"bids":[[159.35,15.475823],[159.34,12.409015],[159.33,0.195307],[159.32,14.289401],[159.31,16.49092],[159.3,60.178577],[159.29,81.860331],[159.28,96.749656],[159.27,105.924418],[159.26,91.304435],[159.25,48.746905],[159.24,83.113147],[159.23,57.264152],[159.22,65.310446]],"asks":[[159.27,1.0],[159.28,2.031936],[159.29,5.2015],[159.3,0.048826],[159.31,0.048826],[159.32,30.457619],[159.33,69.175849],[159.34,150.053322],[159.35,117.587865],[159.36,71.742459],[159.37,77.762887],[159.38,126.14211],[159.39,97.489488],[159.4,86.947323]]},"raw":{}}
{"exchange":"okx","instance_id":"B","symbol":"SOL-USD","event_ts":1762350223.303,"seq":7218586514649089,"depth":{"last_seq":7218586514649089,"bids":[[159.35,15.475823],[159.34,12.409015],[159.33,0.195307],[159.32,14.289401],[159.31,16.49092],[159.3,14.627352],[159.29,46.081136],[159.28,86.960032],[159.27,73.316281],[159.26,91.304435],[159.25,48.746905],[159.24,83.113147],[159.23,57.264152],[159.22,65.310446]],"asks":[[159.27,1.0],[159.28,2.031936],[159.29,5.2015],[159.3,0.048826],[159.31,36.032743],[159.32,33.223931],[159.33,69.175849],[159.34,150.053322],[159.35,117.587865],[159.36,71.742459],[159.37,77.762887],[159.38,126.14211],[159.39,97.489488],[159.4,86.947323]]},"raw":{}}
{"exchange":"okx","instance_id":"B","symbol":"SOL-USD","event_ts":1762350223.403,"seq":7218586515058689,"depth":{"last_seq":7218586515058689,"bids":[[159.35,15.475823],[159.34,12.409015],[159.33,0.195307],[159.32,14.289401],[159.31,16.49092],[159.3,18.687352],[159.29,43.682313],[159.28,76.183092],[159.27,88.432461],[159.26,66.304435],[159.25,48.746905],[159.24,83.113147],[159.23,57.264152],[159.22,65.310446]],"asks":[[159.27,1.0],[159.28,2.031936],[159.29,5.2015],[159.3,0.048826],[159.31,30.015351],[159.32,15.445976],[159.33,82.802891],[159.34,130.49216],[159.35,117.587865],[159.36,71.742459],[159.37,77.762887],[159.38,126.14211],[159.39,97.489488],[159.4,86.947323]]},"raw":{}}
{"exchange":"okx","instance_id":"B","symbol":"SOL-USD","event_ts":1762350223.503,"seq":7218586515468289,"depth":{"last_seq":7218586515468289,"bids":[[159.35,15.475823],[159.34,12.409015],[159.33,0.195307],[159.32,14.289401],[159.31,90.672487],[159.3,24.505112],[159.29,43.683813],[159.28,76.183093],[159.27,88.432461],[159.26,66.304435],[159.25,48.746905],[159.24,83.113147],[159.23,57.264152],[159.22,65.310446]],"asks":[[159.27,1.0],[159.28,2.031936],[159.29,5.2015],[159.3,0.048826],[159.31,30.015351],[159.32,0.271442],[159.33,54.691809],[159.34,117.58216],[159.35,117.437663],[159.36,77.72642],[159.37,77.762887],[159.38,126.14211],[159.39,97.489488],[159.4,86.947323]]},"raw":{}}
{"exchange":"okx","instance_id":"B","symbol":"SOL-USD","event_ts":1762350223.603,"seq":7218586515877889,"depth":{"last_seq":7218586515877889,"bids":[[159.35,15.475823],[159.34,12.409015],[159.33,0.195307],[159.32,52.410129],[159.31,21.746071],[159.3,45.512559],[159.29,43.683813],[159.28,111.058093],[159.27,88.432461],[159.26,66.304435],[159.25,48.746905],[159.24,83.113147],[159.23,57.264152],[159.22,65.310446]],"asks":[[159.27,1.0],[159.28,2.031936],[159.29,5.2015],[159.3,0.048826],[159.31,30.015351],[159.32,0.271442],[159.33,26.630285],[159.34,31.514012],[159.35,43.549451],[159.36,77.688258],[159.37,74.043995],[159.38,126.14211],[159.39,97.489488],[159.4,86.947323]]},"raw":{}}
{"exchange":"okx","instance_id":"B","symbol":"SOL-USD","event_ts":1762350223.703,"seq":7218586516287489,"depth":{"last_seq":7218586516287489,"bids":[[159.35,15.475823],[159.34,12.409015],[159.33,0.195307],[159.32,1.059752],[159.31,21.746071],[159.3,45.512559],[159.29,43.683813],[159.28,111.058093],[159.27,88.432461],[159.26,66.304435],[159.25,48.746905],[159.24,83.113147],[159.23,57.264152],[159.22,65.310446]],"asks":[[159.27,1.0],[159.28,2.031936],[159.29,5.2015],[159.3,0.048826],[159.31,30.015351],[159.32,0.271442],[159.33,40.300285],[159.34,37.714427],[159.35,43.549451],[159.36,77.688258],[159.37,74.043995],[159.38,126.14211],[159.39,97.489488],[159.4,86.947323]]},"raw":{}}
{"exchange":"okx","instance_id":"B","symbol":"SOL-USD","event_ts":1762350223.803,"seq":7218586516697089,"depth":{"last_seq":7218586516697089,"bids":[[159.35,15.475823],[159.34,12.409015],[159.33,0.195307],[159.32,37.494773],[159.31,21.794883],[159.3,45.512559],[159.29,43.683813],[159.28,103.477542],[159.27,88.432461],[159.26,66.304435],[159.25,48.746905],[159.24,83.113147],[159.23,57.264152],[159.22,65.310446]],"asks":[[159.27,1.0],[159.28,2.031936],[159.29,5.2015],[159.3,0.048826],[159.31,30.015351],[159.32,0.271442],[159.33,26.679111],[159.34,37.714427],[159.35,43.549451],[159.36,77.688258],[159.37,74.043995],[159.38,126.14211],[159.39,97.489488],[159.4,86.947323]]},"raw":{}}
{"exchange":"okx","instance_id":"B","symbol":"SOL-USD","event_ts":1762350223.903,"seq":7218586517106689,"depth":{"last_seq":7218586517106689,"bids":[[159.35,15.475823],[159.34,12.409015],[159.33,0.195307],[159.32,44.694773],[159.31,21.794883],[159.3,45.512559],[159.29,43.683813],[159.28,103.477542],[159.27,88.432461],[159.26,66.304435],[159.25,48.746905],[159.24,83.113147],[159.23,57.264152],[159.22,65.310446]],"asks":[[159.27,1.0],[159.28,2.031936],[159.29,5.2015],[159.3,0.048826],[159.31,30.015351],[159.32,0.271442],[159.33,14.272586],[159.34,37.714427],[159.35,43.549451],[159.36,90.643212],[159.37,60.42016],[159.38,126.14211],[159.39,97.489488],[159.4,86.947323]]},"raw":{}}
{"exchange":"okx","instance_id":"B","symbol":"SOL-USD","event_ts":1762350224.003,"seq":7218586517516289,"depth":{"last_seq":7218586517516289,"bids":[[159.35,15.475823],[159.34,12.409015],[159.33,0.195307],[159.32,45.10291],[159.31,31.794883],[159.3,45.104422],[159.29,43.683813],[159.28,103.477542],[159.27,88.432461],[159.26,66.304435],[159.25,48.746905],[159.24,83.113147],[159.23,57.264152],[159.22,65.310446]],"asks":[[159.27,1.0],[159.28,2.031936],[159.29,5.2015],[159.3,0.048826],[159.31,30.015351],[159.32,0.271442],[159.33,14.272586],[159.34,37.714427],[159.35,43.549451],[159.36,90.643212],[159.37,60.42016],[159.38,126.14211],[159.39,97.489488],[159.4,86.947323]]},"raw":{}}
{"exchange":"okx","instance_id":"B","symbol":"SOL-USD","event_ts":1762350224.103,"seq":7218586517925889,"depth":{"last_seq":7218586517925889,"bids":[[159.35,15.475823],[159.34,12.409015],[159.33,0.195307],[159.32,70.10291],[159.31,67.078455],[159.3,77.486414],[159.29,68.683813],[159.28,103.477542],[159.27,88.432461],[159.26,66.304435],[159.25,48.746905],[159.24,83.113147],[159.23,57.264152],[159.22,65.310446]],"asks":[[159.27,1.0],[159.28,2.031936],[159.29,5.2015],[159.3,0.048826],[159.31,30.015351],[159.32,0.271442],[159.33,1.720022],[159.34,37.714427],[159.35,43.549451],[159.36,90.643212],[159.37,69.832219],[159.38,126.14211],[159.39,97.489488],[159.4,86.947323]]},"raw":{}}
{"exchange":"okx","instance_id":"B","symbol":"SOL-USD","event_ts":1762350224.203,"seq":7218586518335489,"depth":{"last_seq":7218586518335489,"bids":[[159.35,15.475823],[159.34,12.409015],[159.33,0.195307],[159.32,15.19478],[159.31,31.794883],[159.3,52.486414],[159.29,79.403642],[159.28,134.956482],[159.27,88.432461],[159.26,66.304435],[159.25,48.746905],[159.24,83.113147],[159.23,57.264152],[159.22,65.310446]],"asks":[[159.27,1.0],[159.28,2.031936],[159.29,5.2015],[159.3,0.048826],[159.31,30.015351],[159.32,0.271442],[159.33,33.716547],[159.34,37.714427],[159.35,56.504886],[159.36,77.688258],[159.37,69.832219],[159.38,126.14211],[159.39,97.489488],[159.4,86.947323]]},"raw":{}}
{"exchange":"okx","instance_id":"B","symbol":"SOL-USD","event_ts":1762350224.303,"seq":7218586518745089,"depth":{"last_seq":7218586518745089,"bids":[[159.35,15.475823],[159.34,12.409015],[159.33,0.195307],[159.32,15.19478],[159.31,31.794883],[159.3,52.486414],[159.29,79.403642],[159.28,134.956482],[159.27,88.432461],[159.26,66.304435],[159.25,48.746905],[159.24,83.113147],[159.23,57.264152],[159.22,65.310446]],"asks":[[159.27,1.0],[159.28,2.031936],[159.29,5.2015],[159.3,0.048826],[159.31,30.015351],[159.32,0.271442],[159.33,33.716547],[159.34,37.714427],[159.35,43.549451],[159.36,90.643053],[159.37,69.832219],[159.38,126.14211],[159.39,97.489488],[159.4,86.947323]]},"raw":{}}
{"exchange":"okx","instance_id":"B","symbol":"SOL-USD","event_ts":1762350224.403,"seq":7218586519154689,"depth":{"last_seq":7218586519154689,"bids":[[159.35,15.475823],[159.34,12.409015],[159.33,0.195307],[159.32,27.013618],[159.31,17.871947],[159.3,52.486414],[159.29,79.820428],[159.28,134.956482],[159.27,88.432461],[159.26,66.304435],[159.25,48.746905],[159.24,83.113147],[159.23,57.264152],[159.22,65.310446]],"asks":[[159.27,1.0],[159.28,2.031936],[159.29,5.2015],[159.3,0.048826],[159.31,30.015351],[159.32,0.271442],[159.33,33.069067],[159.34,37.714427],[159.35,43.549451],[159.36,77.688258],[159.37,69.832219],[159.38,126.14211],[159.39,97.489488],[159.4,86.947323]]},"raw":{}}
{"exchange":"okx","instance_id":"B","symbol":"SOL-USD","event_ts":1762350224.503,"seq":7218586519564289,"depth":{"last_seq":7218586519564289,"bids":[[159.35,15.475823],[159.34,12.409015],[159.33,0.195307],[159.32,27.421558],[159.31,17.871947],[159.3,52.486414],[159.29,79.820428],[159.28,134.956482],[159.27,88.432461],[159.26,66.304435],[159.25,48.746905],[159.24,83.113147],[159.23,57.264152],[159.22,65.310446]],"asks":[[159.27,1.0],[159.28,2.031936],[159.29,5.2015],[159.3,0.048826],[159.31,30.015351],[159.32,0.271442],[159.33,31.619067],[159.34,37.714427],[159.35,42.049451],[159.36,77.688258],[159.37,88.725039],[159.38,126.14211],[159.39,97.489488],[159.4,86.947323]]},"raw":{}}
{"exchange":"okx","instance_id":"B","symbol":"SOL-USD","event_ts":1762350224.603,"seq":7218586519973889,"depth":{"last_seq":7218586519973889,"bids":[[159.35,15.475823],[159.34,12.409015],[159.33,0.195307],[159.32,27.361806],[159.31,17.871947],[159.3,52.486414],[159.29,79.820428],[159.28,134.956482],[159.27,88.432461],[159.26,66.304435],[159.25,48.746905],[159.24,83.113147],[159.23,57.264152],[159.22,65.310446]],"asks":[[159.27,1.0],[159.28,2.031936],[159.29,5.2015],[159.3,0.048826],[159.31,30.015351],[159.32,0.271442],[159.33,21.979067],[159.34,37.714427],[159.35,42.049451],[159.36,90.643256],[159.37,75.771219],[159.38,126.14211],[159.39,97.489488],[159.4,86.947323]]},"raw":{}}
{"exchange":"okx","instance_id":"B","symbol":"SOL-USD","event_ts":1762350224.703,"seq":7218586520383489,"depth":{"last_seq":7218586520383489,"bids":[[159.35,15.475823],[159.34,12.409015],[159.33,0.195307],[159.32,18.614831],[159.31,17.871947],[159.3,52.486414],[159.29,79.820428],[159.28,134.956482],[159.27,88.432461],[159.26,66.304435],[159.25,48.746905],[159.24,83.113147],[159.23,57.264152],[159.22,65.310446]],"asks":[[159.27,1.0],[159.28,2.031936],[159.29,5.2015],[159.3,0.048826],[159.31,30.015351],[159.32,0.271442],[159.33,29.179067],[159.34,37.714427],[159.35,42.049451],[159.36,77.688258],[159.37,75.771219],[159.38,126.14211],[159.39,97.489488],[159.4,86.947323]]},"raw":{}}
{"exchange":"okx","instance_id":"B","symbol":"SOL-USD","event_ts":1762350224.803,"seq":7218586520793089,"depth":{"last_seq":7218586520793089,"bids":[[159.35,15.475823],[159.34,12.409015],[159.33,0.195307],[159.32,18.674583],[159.31,17.871947],[159.3,52.486414],[159.29,79.820428],[159.28,134.956482],[159.27,88.432461],[159.26,66.304435],[159.25,48.746905],[159.24,83.113147],[159.23,57.264152],[159.22,65.310446]],"asks":[[159.27,1.0],[159.28,2.031936],[159.29,5.2015],[159.3,0.048826],[159.31,30.015351],[159.32,0.271442],[159.33,27.729067],[159.34,37.714427],[159.35,42.049451],[159.36,77.688258],[159.37,75.771219],[159.38,126.14211],[159.39,97.489488],[159.4,86.947323]]},"raw":{}}
{"exchange":"okx","instance_id":"B","symbol":"SOL-USD","event_ts":1762350224.903,"seq":7218586521202689,"depth":{"last_seq":7218586521202689,"bids":[[159.35,15.475823],[159.34,12.409015],[159.33,0.195307],[159.32,17.723393],[159.31,17.823135],[159.3,37.904422],[159.29,54.820428],[159.28,134.956482],[159.27,88.432461],[159.26,66.304435],[159.25,48.746905],[159.24,83.113147],[159.23,57.264152],[159.22,65.310446]],"asks":[[159.27,1.0],[159.28,2.031936],[159.29,5.2015],[159.3,0.048826],[159.31,30.015351],[159.32,0.271442],[159.33,33.741285],[159.34,40.469532],[159.35,44.804556],[159.36,77.688258],[159.37,75.771219],[159.38,126.14211],[159.39,97.489488],[159.4,86.947323]]},"raw":{}}
{"exchange":"okx","instance_id":"B","symbol":"SOL-USD","event_ts":1762350225.003,"seq":7218586521612289,"depth":{"last_seq":7218586521612289,"bids":[[159.35,15.475823],[159.34,12.409015],[159.33,0.195307],[159.32,54.041242],[159.31,31.817883],[159.3,45.104422],[159.29,54.820428],[159.28,134.956482],[159.27,88.432461],[159.26,66.304435],[159.25,48.746905],[159.24,83.113147],[159.23,57.264152],[159.22,65.310446]],"asks":[[159.27,1.0],[159.28,2.031936],[159.29,5.2015],[159.3,0.048826],[159.31,30.015351],[159.32,0.271442],[159.33,5.306042],[159.34,37.714427],[159.35,55.005252],[159.36,77.688258],[159.37,75.771219],[159.38,126.14211],[159.39,97.489488],[159.4,86.947323]]},"raw":{}}
{"exchange":"okx","instance_id":"B","symbol":"SOL-USD","event_ts":1762350225.103,"seq":7218586522021889,"depth":{"last_seq":7218586522021889,"bids":[[159.35,15.475823],[159.34,12.409015],[159.33,0.195307],[159.32,30.646552],[159.31,31.769071],[159.3,45.104422],[159.29,54.820428],[159.28,134.956482],[159.27,88.432461],[159.26,66.304435],[159.25,48.746905],[159.24,83.113147],[159.23,57.264152],[159.22,65.310446]],"asks":[[159.27,1.0],[159.28,2.031936],[159.29,5.2015],[159.3,0.048826],[159.31,30.015351],[159.32,0.271442],[159.33,18.976042],[159.34,37.714427],[159.35,55.005252],[159.36,77.688258],[159.37,75.771219],[159.38,126.14211],[159.39,97.489488],[159.4,86.947323]]},"raw":{}}
{"exchange":"okx","instance_id":"B","symbol":"SOL-USD","event_ts":1762350225.203,"seq":7218586522431489,"depth":{"last_seq":7218586522431489,"bids":[[159.35,15.475823],[159.34,12.409015],[159.33,0.195307],[159.32,26.410616],[159.31,31.769071],[159.3,45.104422],[159.29,54.820428],[159.28,134.956482],[159.27,88.432461],[159.26,66.304435],[159.25,48.746905],[159.24,83.113147],[159.23,57.264152],[159.22,65.310446]],"asks":[[159.27,1.0],[159.28,2.031936],[159.29,5.2015],[159.3,0.048826],[159.31,30.015351],[159.32,0.271442],[159.33,27.729067],[159.34,37.714427],[159.35,55.005252],[159.36,77.688258],[159.37,75.771219],[159.38,126.14211],[159.39,97.489488],[159.4,86.947323]]},"raw":{}}
{"exchange":"okx","instance_id":"B","symbol":"SOL-USD","event_ts":1762350225.303,"seq":7218586522841089,"depth":{"last_seq":7218586522841089,"bids":[[159.35,15.475823],[159.34,12.409015],[159.33,0.195307],[159.32,17.663641],[159.31,31.769071],[159.3,45.104422],[159.29,54.820428],[159.28,134.956482],[159.27,88.432461],[159.26,66.304435],[159.25,48.746905],[159.24,83.113147],[159.23,57.264152],[159.22,65.310446]],"asks":[[159.27,1.0],[159.28,2.031936],[159.29,5.2015],[159.3,0.048826],[159.31,30.015351],[159.32,0.271442],[159.33,27.729067],[159.34,37.714427],[159.35,55.005252],[159.36,77.688258],[159.37,75.771219],[159.38,126.14211],[159.39,97.489488],[159.4,86.947323]]},"raw":{}}
{"exchange":"okx","instance_id":"B","symbol":"SOL-USD","event_ts":1762350225.403,"seq":7218586523250689,"depth":{"last_seq":7218586523250689,"bids":[[159.35,15.475823],[159.34,12.409015],[159.33,0.195307],[159.32,57.005306],[159.31,31.817883],[159.3,45.104422],[159.29,54.820428],[159.28,134.956482],[159.27,88.432461],[159.26,66.304435],[159.25,48.746905],[159.24,83.113147],[159.23,57.264152],[159.22,65.310446]],"asks":[[159.27,1.0],[159.28,2.031936],[159.29,5.2015],[159.3,0.048826],[159.31,30.015351],[159.32,0.271442],[159.33,5.306042],[159.34,37.714427],[159.35,42.049451],[159.36,90.643195],[159.37,75.771219],[159.38,126.14211],[159.39,97.489488],[159.4,86.947323]]},"raw":{}}
{"exchange":"okx","instance_id":"B","symbol":"SOL-USD","event_ts":1762350225.503,"seq":7218586523660289,"depth":{"last_seq":7218586523660289,"bids":[[159.35,15.475823],[159.34,12.409015],[159.33,0.195307],[159.32,57.005306],[159.31,10.137025],[159.3,37.904422],[159.29,54.820428],[159.28,110.36445],[159.27,98.293281],[159.26,66.304435],[159.25,48.746905],[159.24,83.113147],[159.23,57.264152],[159.22,65.310446]],"asks":[[159.27,1.0],[159.28,2.031936],[159.29,5.2015],[159.3,0.048826],[159.31,30.015351],[159.32,7.843327],[159.33,49.091285],[159.34,56.932097],[159.35,71.706058],[159.36,77.688258],[159.37,75.771219],[159.38,126.14211],[159.39,97.489488],[159.4,86.947323]]},"raw":{}}
