{"exchange":"binance","instance_id":"A","symbol":"BTC-USD","event_ts":1762349854.914,"seq":79830783576,"depth":{"last_seq":79830783576,"bids":[[102438.19,3.42521],[102438.18,5e-05],[102437.35,0.01635],[102437.32,0.00017],[102437.31,0.30905],[102437.3,1.00012],[102436.12,0.00181],[102435.31,5e-05],[102428.41,0.06357],[102413.9,0.0025],[36877.75,0.00136]],"asks":[[102438.2,1.6374],[102438.21,0.00031],[102438.27,0.00177],[102439.2,0.3224],[102441.05,0.01516],[102441.22,0.0119],[102442.01,0.01398],[102442.6,0.00255],[102443.28,0.00012],[102443.29,0.04006],[102443.31,5e-05],[102445.02,0.00995],[102446.7,0.0026],[102448.05,0.00161],[102450.31,0.00502],[102450.69,0.03],[102451.2,0.00048],[102501.05,0.0005],[102517.64,0.0369],[102530.0,0.0012]]},"raw":{}}
{"exchange":"binance","instance_id":"A","symbol":"BTC-USD","event_ts":1762349855.014,"seq":79830783607,"depth":{"last_seq":79830783607,"bids":[[102438.19,3.59874],[102438.18,5e-05],[102437.36,0.00012],[102437.35,0.01641],[102437.32,0.00017],[102437.31,0.30905],[102437.3,1.00012],[102436.12,0.00181],[102435.31,5e-05],[102430.11,0.47683],[102429.93,6e-05],[102428.41,0.06357],[102419.31,6e-05],[102413.9,0.0025],[81950.56,0.00024],[36877.75,0.00136]],"asks":[[102438.2,1.5544],[102438.21,0.00036],[102438.27,0.00177],[102439.2,0.3224],[102440.99,0.0375],[102441.05,0.01528],[102441.22,0.01184],[102442.01,0.01398],[102442.6,5e-05],[102443.28,0.00012],[102443.29,0.04006],[102443.31,5e-05],[102445.02,0.00989],[102446.7,0.0026],[102448.05,0.00156],[102450.31,0.00502],[102450.69,0.03005],[102451.2,0.00048],[102467.2,0.0025],[102501.05,0.0005]]},"raw":{}}
{"exchange":"binance","instance_id":"A","symbol":"BTC-USD","event_ts":1762349855.114,"seq":79830783633,"depth":{"last_seq":79830783633,"bids":[[102438.19,3.4034],[102438.18,5e-05],[102437.36,0.00012],[102437.35,0.01647],[102437.32,0.00017],[102437.31,0.30905],[102437.3,1.00012],[102436.12,0.00181],[102435.31,5e-05],[102430.3,0.00255],[102430.11,0.47683],[102430.09,0.60881],[102428.41,0.06357],[102413.9,0.0025],[102387.73,0.35165],[81950.56,0.00024],[36877.75,0.00136]],"asks":[[102438.2,1.55435],[102438.21,0.00036],[102438.27,0.00177],[102439.2,0.3224],[102440.99,0.0375],[102441.05,0.01528],[102441.22,0.01184],[102442.01,0.01393],[102442.6,5e-05],[102443.28,0.00012],[102443.29,0.04006],[102443.31,5e-05],[102445.02,0.00989],[102446.7,0.0026],[102448.05,0.00156],[102450.31,0.00502],[102450.69,0.03005],[102451.2,0.00048],[102451.56,0.35143],[102467.2,0.0025]]},"raw":{}}
{"exchange":"binance","instance_id":"A","symbol":"BTC-USD","event_ts":1762349855.214,"seq":79830783671,"depth":{"last_seq":79830783671,"bids":[[102438.19,3.4034],[102438.18,5e-05],[102437.36,0.00012],[102437.35,0.01647],[102437.32,0.00017],[102437.31,0.30905],[102437.3,1.00012],[102436.12,0.00181],[102435.31,5e-05],[102433.07,0.00049],[102430.3,0.00255],[102430.11,0.47683],[102430.09,0.60881],[102428.46,0.00098],[102428.41,0.06357],[102424.5,0.29301],[102413.9,0.0025],[102387.73,0.35165],[102375.33,0.29301],[102352.25,0.46569]],"asks":[[102438.2,1.88937],[102438.21,0.00036],[102438.27,0.00177],[102439.2,0.3224],[102440.99,0.0375],[102441.05,0.01528],[102441.22,0.01184],[102442.01,0.01393],[102442.6,5e-05],[102443.28,0.00012],[102443.29,6e-05],[102443.31,5e-05],[102443.32,0.00094],[102445.02,0.00989],[102445.14,5e-05],[102446.7,0.0026],[102448.05,0.00156],[102450.31,0.00502],[102450.69,0.03005],[102451.2,0.00048]]},"raw":{}}
{"exchange":"binance","instance_id":"A","symbol":"BTC-USD","event_ts":1762349855.314,"seq":79830783710,"depth":{"last_seq":79830783710,"bids":[[102438.19,3.4034],[102438.18,5e-05],[102437.36,0.00012],[102437.35,0.01647],[102437.32,0.00017],[102437.31,0.30905],[102437.3,1.00012],[102436.12,0.00181],[102435.31,5e-05],[102433.07,0.00049],[102430.3,0.00255],[102430.11,0.47683],[102430.09,0.60881],[102428.46,0.00098],[102428.41,0.06357],[102424.69,0.32223],[102424.5,0.29301],[102413.9,0.0025],[102400.82,0.3516],[102387.73,0.35165]],"asks":[[102438.2,2.00469],[102438.21,0.00031],[102438.27,0.00177],[102439.2,0.3224],[102440.99,0.0375],[102441.05,0.01528],[102441.22,0.01184],[102442.01,0.01393],[102443.31,5e-05],[102443.32,0.00094],[102443.98,0.00012],[102443.99,0.0538],[102444.0,0.02939],[102445.02,0.00995],[102445.14,5e-05],[102446.7,0.0026],[102448.05,0.00156],[102450.31,0.00502],[102450.69,0.03005],[102450.8,0.00255]]},"raw":{}}
{"exchange":"binance","instance_id":"A","symbol":"BTC-USD","event_ts":1762349855.414,"seq":79830783724,"depth":{"last_seq":79830783724,"bids":[[102438.19,3.72881],[102438.18,5e-05],[102437.36,0.00012],[102437.35,0.01647],[102437.32,0.00017],[102437.31,0.30905],[102437.3,1.00012],[102436.12,0.00181],[102435.31,5e-05],[102433.07,0.00049],[102430.3,0.00255],[102430.11,0.47683],[102430.09,0.60881],[102428.46,0.00098],[102428.41,0.06357],[102424.69,0.32223],[102424.5,0.29301],[102413.9,0.0025],[102413.55,0.39069],[102400.82,0.3516]],"asks":[[102438.2,2.15274],[102438.21,0.00031],[102438.27,0.00177],[102439.2,0.3224],[102440.99,0.0375],[102441.05,0.01528],[102441.22,0.01184],[102442.01,0.01393],[102443.31,5e-05],[102443.32,0.00094],[102443.98,0.00012],[102443.99,0.0538],[102444.0,0.02939],[102445.02,0.00995],[102445.14,5e-05],[102446.7,0.0026],[102448.05,0.00156],[102450.31,0.00502],[102450.69,0.03005],[102450.8,0.00255]]},"raw":{}}
{"exchange":"binance","instance_id":"A","symbol":"BTC-USD","event_ts":1762349855.514,"seq":79830783781,"depth":{"last_seq":79830783781,"bids":[[102438.19,2.7672],[102438.18,5e-05],[102437.36,0.00012],[102437.35,0.01647],[102437.32,0.00017],[102437.31,0.30905],[102437.3,1.00012],[102436.12,0.00181],[102435.31,5e-05],[102433.07,0.00049],[102430.3,0.00255],[102430.11,0.47683],[102430.09,0.60887],[102428.46,0.00098],[102428.41,0.06363],[102424.5,0.29301],[102422.35,0.00488],[102413.9,0.0025],[102413.55,0.39069],[102387.73,0.35165]],"asks":[[102438.2,2.46538],[102438.21,0.00026],[102438.27,0.00177],[102439.2,0.3224],[102440.99,0.0375],[102441.05,0.01528],[102441.22,0.01184],[102442.01,0.01393],[102443.31,5e-05],[102443.32,0.00094],[102443.98,0.00012],[102443.99,0.0538],[102444.0,0.02939],[102445.02,0.00995],[102445.14,5e-05],[102446.7,0.0026],[102448.05,0.00156],[102450.25,0.35143],[102450.31,0.00502],[102450.69,0.03005]]},"raw":{}}
{"exchange":"binance","instance_id":"A","symbol":"BTC-USD","event_ts":1762349855.614,"seq":79830783827,"depth":{"last_seq":79830783827,"bids":[[102438.19,1.61221],[102438.18,5e-05],[102437.36,0.00012],[102437.35,0.00012],[102437.32,0.00017],[102437.31,0.00024],[102437.3,1.00012],[102436.12,0.00181],[102435.31,5e-05],[102435.29,0.01515],[102433.07,0.00049],[102431.31,0.00012],[102430.3,0.00255],[102430.11,0.47683],[102430.09,6e-05],[102428.46,0.00098],[102428.41,0.06358],[102425.56,0.14651],[102424.5,0.29301],[102419.7,0.00488]],"asks":[[102438.2,3.03226],[102438.21,0.00026],[102438.27,0.00177],[102439.03,0.01635],[102439.2,0.3224],[102440.99,0.0375],[102441.05,0.00012],[102441.22,0.01184],[102442.01,0.01393],[102443.31,0.04888],[102443.32,0.00094],[102443.98,0.00012],[102443.99,0.0538],[102444.0,0.02939],[102445.02,0.00995],[102445.14,5e-05],[102446.7,0.0026],[102446.91,0.16384],[102448.05,0.00156],[102450.25,0.35143]]},"raw":{}}
{"exchange":"binance","instance_id":"A","symbol":"BTC-USD","event_ts":1762349855.714,"seq":79830783917,"depth":{"last_seq":79830783917,"bids":[[102438.19,1.61174],[102438.18,0.0001],[102437.32,5e-05],[102437.31,0.00012],[102437.3,1.00012],[102436.12,0.00186],[102435.29,0.01527],[102433.07,0.00049],[102430.3,0.00255],[102430.11,0.23684],[102429.51,0.01409],[102428.91,0.00012],[102428.46,0.00098],[102428.41,0.06353],[102426.71,0.00012],[102426.7,0.60887],[102425.94,0.00048],[102425.83,0.00977],[102425.56,0.14651],[102424.93,6e-05]],"asks":[[102438.2,3.03238],[102438.21,0.00026],[102438.27,0.00182],[102439.02,0.00012],[102439.03,0.01657],[102439.2,0.3223],[102440.99,0.03745],[102441.22,0.01184],[102442.01,0.01398],[102443.3,6e-05],[102443.31,0.04894],[102443.32,0.00094],[102443.98,6e-05],[102443.99,0.05374],[102444.0,0.02939],[102445.02,0.00989],[102445.14,5e-05],[102446.7,0.00255],[102446.91,0.16384],[102448.05,0.00151]]},"raw":{}}
{"exchange":"binance","instance_id":"A","symbol":"BTC-USD","event_ts":1762349855.814,"seq":79830783942,"depth":{"last_seq":79830783942,"bids":[[102438.19,1.22137],[102438.18,0.0001],[102437.32,5e-05],[102437.31,0.00012],[102437.3,1.00012],[102436.12,0.00186],[102435.29,0.01527],[102433.07,0.00049],[102430.3,0.00255],[102430.11,0.23684],[102429.51,0.01409],[102428.91,0.00012],[102428.46,0.00098],[102428.41,0.06353],[102426.71,0.00012],[102426.7,0.60887],[102426.2,0.0026],[102425.94,0.00048],[102425.83,0.00983],[102425.57,6e-05]],"asks":[[102438.2,3.02946],[102438.21,0.00026],[102438.27,0.00182],[102439.02,0.00012],[102439.03,0.01657],[102439.2,0.3223],[102440.99,0.03745],[102441.22,0.01184],[102442.01,0.01398],[102442.6,0.0025],[102443.3,6e-05],[102443.31,0.04894],[102443.32,0.00094],[102443.98,6e-05],[102443.99,0.05374],[102444.0,0.02939],[102445.02,0.00989],[102445.14,5e-05],[102446.7,0.00255],[102446.91,0.42751]]},"raw":{}}
{"exchange":"binance","instance_id":"A","symbol":"BTC-USD","event_ts":1762349855.914,"seq":79830783956,"depth":{"last_seq":79830783956,"bids":[[102438.19,1.22142],[102438.18,0.00015],[102437.32,5e-05],[102437.31,0.00012],[102437.3,1.00012],[102436.12,0.00186],[102435.29,0.01527],[102433.07,0.00049],[102430.3,0.00255],[102430.11,0.23684],[102429.51,0.01409],[102428.91,0.00012],[102428.46,0.00098],[102428.41,0.06353],[102426.71,0.00012],[102426.7,0.60887],[102426.2,0.0026],[102425.94,0.00048],[102425.83,0.00983],[102425.57,6e-05]],"asks":[[102438.2,3.0313],[102438.21,0.00026],[102438.27,0.00182],[102439.02,0.00012],[102439.03,0.01657],[102439.2,0.3223],[102440.99,0.03745],[102441.22,0.01184],[102442.01,0.01403],[102442.6,0.0025],[102443.3,6e-05],[102443.31,0.04894],[102443.32,0.00094],[102443.98,6e-05],[102443.99,0.05374],[102444.0,0.02939],[102445.02,0.00989],[102445.14,5e-05],[102446.7,0.00255],[102446.91,0.42751]]},"raw":{}}
{"exchange":"binance","instance_id":"A","symbol":"BTC-USD","event_ts":1762349856.014,"seq":79830783960,"depth":{"last_seq":79830783960,"bids":[[102438.19,1.22142],[102438.18,0.00015],[102437.32,5e-05],[102437.31,0.00012],[102437.3,1.00059],[102436.12,0.00186],[102435.29,0.01527],[102433.07,0.00049],[102430.3,0.00255],[102430.11,0.23684],[102429.51,0.01409],[102428.91,0.00012],[102428.46,0.00098],[102428.41,0.06353],[102426.71,0.00012],[102426.7,0.60887],[102426.2,0.0026],[102425.94,0.00048],[102425.83,0.00983],[102425.57,6e-05]],"asks":[[102438.2,3.0313],[102438.21,0.00026],[102438.27,0.00182],[102439.02,0.00012],[102439.03,0.01657],[102439.2,0.3223],[102440.99,0.03745],[102441.22,0.01184],[102442.01,0.01403],[102442.6,0.0025],[102443.3,6e-05],[102443.31,0.04894],[102443.32,0.00094],[102443.98,6e-05],[102443.99,0.05374],[102444.0,0.02939],[102445.02,0.00989],[102445.14,5e-05],[102446.7,0.00255],[102446.91,0.42751]]},"raw":{}}
{"exchange":"binance","instance_id":"A","symbol":"BTC-USD","event_ts":1762349856.114,"seq":79830783979,"depth":{"last_seq":79830783979,"bids":[[102438.19,1.22129],[102438.18,0.00015],[102437.32,5e-05],[102437.31,0.00012],[102437.3,1.00059],[102436.12,0.00186],[102435.29,0.01527],[102433.07,0.00049],[102430.3,0.00255],[102430.11,0.23684],[102429.51,0.01409],[102428.91,0.00012],[102428.46,0.00098],[102428.41,0.06353],[102428.19,0.09761],[102426.71,0.00012],[102426.7,0.60887],[102426.2,0.0026],[102425.94,0.00048],[102425.83,0.00983]],"asks":[[102438.2,3.03118],[102438.21,0.00026],[102438.27,0.00182],[102439.02,0.00012],[102439.03,0.01657],[102439.18,0.12882],[102439.2,0.3223],[102440.99,0.03745],[102441.22,0.01184],[102442.01,0.01403],[102442.6,0.0025],[102443.3,6e-05],[102443.31,0.04894],[102443.32,0.00094],[102443.98,6e-05],[102443.99,0.05374],[102444.0,0.02939],[102445.02,0.00989],[102445.14,5e-05],[102446.7,0.00255]]},"raw":{}}
{"exchange":"binance","instance_id":"A","symbol":"BTC-USD","event_ts":1762349856.214,"seq":79830784001,"depth":{"last_seq":79830784001,"bids":[[102438.19,1.13185],[102438.18,0.00015],[102437.32,5e-05],[102437.31,0.00012],[102437.3,1.00059],[102436.12,0.00186],[102435.29,0.01527],[102433.07,0.00049],[102430.3,0.00255],[102430.11,0.23684],[102429.51,0.01409],[102428.91,0.00012],[102428.9,6e-05],[102428.46,0.00098],[102428.41,0.06358],[102428.2,0.00012],[102428.19,0.09767],[102426.71,0.00012],[102426.7,0.60887],[102426.2,0.0026]],"asks":[[102438.2,3.05851],[102438.21,0.00026],[102438.27,0.00182],[102439.02,0.00012],[102439.03,0.01657],[102439.18,0.12882],[102439.2,0.3223],[102440.99,0.03745],[102441.22,0.01184],[102442.01,0.01403],[102442.6,0.0025],[102443.3,6e-05],[102443.31,0.04894],[102443.32,0.00094],[102443.98,6e-05],[102443.99,0.05374],[102444.0,0.02939],[102445.02,0.00989],[102445.14,5e-05],[102446.7,0.00255]]},"raw":{}}
{"exchange":"binance","instance_id":"A","symbol":"BTC-USD","event_ts":1762349856.317,"seq":79830784064,"depth":{"last_seq":79830784064,"bids":[[102438.19,0.15991],[102438.18,0.00507],[102437.32,5e-05],[102437.31,0.00012],[102437.3,1.00059],[102436.12,0.00186],[102435.29,0.01527],[102433.07,0.00049],[102430.3,0.00255],[102430.11,0.23684],[102429.51,0.01404],[102428.46,0.00098],[102428.42,0.00012],[102428.41,0.00011],[102428.2,0.00012],[102428.19,6e-05],[102426.71,0.00012],[102426.7,6e-05],[102426.2,0.0026],[102425.94,0.00048]],"asks":[[102438.2,3.05646],[102438.21,0.07504],[102438.27,0.00182],[102439.02,0.00012],[102439.03,0.01657],[102439.18,0.12882],[102439.2,0.3223],[102440.99,0.03745],[102441.22,0.01184],[102442.01,0.01403],[102442.6,0.0025],[102443.31,0.04894],[102443.32,0.00094],[102443.99,0.05374],[102444.0,0.02939],[102445.02,0.00989],[102445.14,5e-05],[102446.7,0.00255],[102446.91,0.42751],[102448.05,0.00151]]},"raw":{}}
{"exchange":"binance","instance_id":"A","symbol":"BTC-USD","event_ts":1762349856.414,"seq":79830784209,"depth":{"last_seq":79830784209,"bids":[[102438.19,0.15897],[102438.18,0.00503],[102437.76,0.0001],[102437.32,5e-05],[102437.31,0.00012],[102437.3,1.00059],[102436.12,5e-05],[102435.29,0.01527],[102433.07,0.00049],[102430.3,5e-05],[102430.11,0.00012],[102429.51,0.00012],[102428.46,0.00098],[102426.2,5e-05],[102425.94,0.00048],[102425.57,0.00012],[102425.56,6e-05],[102424.93,0.00012],[102424.92,0.38658],[102424.1,0.00011]],"asks":[[102438.2,3.55011],[102438.21,0.07516],[102438.27,0.00182],[102438.5,0.0025],[102439.02,0.00012],[102439.03,0.01657],[102439.18,0.12882],[102439.2,0.3223],[102440.99,0.03739],[102441.22,0.01184],[102442.01,0.01403],[102442.6,0.0025],[102443.31,0.04894],[102443.32,0.00094],[102443.99,0.05374],[102444.0,0.02933],[102445.02,0.00989],[102445.14,5e-05],[102446.7,0.00255],[102446.9,0.60881]]},"raw":{}}
{"exchange":"binance","instance_id":"A","symbol":"BTC-USD","event_ts":1762349856.514,"seq":79830784309,"depth":{"last_seq":79830784309,"bids":[[102438.19,0.15804],[102438.18,0.00528],[102437.76,0.0001],[102437.32,5e-05],[102437.31,0.00012],[102437.3,1.00059],[102437.29,0.00248],[102436.12,5e-05],[102435.29,0.01521],[102433.07,0.00049],[102430.3,5e-05],[102430.12,0.00136],[102429.77,0.0028],[102428.46,0.00098],[102426.2,5e-05],[102425.94,0.00048],[102425.61,0.01387],[102425.34,0.00196],[102424.93,0.00012],[102424.92,0.19829]],"asks":[[102438.2,3.30593],[102438.21,0.07516],[102438.27,0.00187],[102438.5,0.0026],[102439.02,0.00012],[102439.03,0.01657],[102439.18,0.12872],[102439.2,0.3223],[102440.99,0.03739],[102441.22,0.01184],[102442.01,0.01403],[102442.23,0.04101],[102442.6,0.0025],[102443.31,0.04894],[102443.32,0.00094],[102443.99,0.05374],[102444.0,0.02933],[102445.02,0.00989],[102445.14,5e-05],[102446.7,0.00255]]},"raw":{}}
{"exchange":"binance","instance_id":"A","symbol":"BTC-USD","event_ts":1762349856.614,"seq":79830784348,"depth":{"last_seq":79830784348,"bids":[[102438.19,0.46565],[102438.18,0.00533],[102438.11,0.0001],[102437.76,0.0001],[102437.32,5e-05],[102437.31,0.00012],[102437.3,1.00059],[102437.29,0.00248],[102436.12,5e-05],[102435.29,0.01526],[102433.07,0.00049],[102430.3,5e-05],[102430.12,0.00136],[102429.77,0.0028],[102428.46,0.00098],[102426.2,5e-05],[102426.01,0.09761],[102425.94,0.00048],[102425.72,0.00161],[102425.61,0.01393]],"asks":[[102438.2,3.30181],[102438.21,0.07516],[102438.27,0.00187],[102438.5,0.0026],[102439.02,0.00012],[102439.03,0.01657],[102439.18,0.12872],[102439.2,0.3223],[102440.98,6e-05],[102440.99,0.05906],[102441.22,0.01184],[102442.01,0.01408],[102442.23,0.04107],[102442.6,0.0025],[102443.31,0.04894],[102443.32,0.00094],[102443.99,0.05368],[102444.0,0.02933],[102445.02,0.00989],[102445.14,5e-05]]},"raw":{}}
{"exchange":"binance","instance_id":"A","symbol":"BTC-USD","event_ts":1762349856.714,"seq":79830784390,"depth":{"last_seq":79830784390,"bids":[[102438.19,0.4657],[102438.18,0.00538],[102438.11,0.0001],[102437.32,5e-05],[102437.31,0.00012],[102437.3,1.00059],[102437.29,0.00248],[102436.12,5e-05],[102435.29,0.01526],[102433.07,0.00049],[102430.3,5e-05],[102430.12,0.00136],[102429.77,0.00285],[102428.46,0.00098],[102427.33,0.0122],[102426.2,5e-05],[102426.02,0.03404],[102426.01,0.09767],[102425.94,0.00048],[102425.72,0.00161]],"asks":[[102438.2,3.30181],[102438.21,0.07516],[102438.27,0.00187],[102438.5,0.0026],[102439.02,0.00012],[102439.03,0.01657],[102439.18,0.12872],[102439.2,0.3223],[102440.98,6e-05],[102440.99,0.05906],[102441.22,0.01184],[102442.01,0.01408],[102442.23,0.04107],[102442.6,0.0025],[102443.31,0.04894],[102443.32,0.00094],[102443.99,0.05368],[102444.0,0.02933],[102445.02,0.00989],[102445.14,5e-05]]},"raw":{}}
{"exchange":"binance","instance_id":"A","symbol":"BTC-USD","event_ts":1762349856.814,"seq":79830784422,"depth":{"last_seq":79830784422,"bids":[[102438.19,0.46565],[102438.18,0.00533],[102438.11,0.0001],[102437.32,5e-05],[102437.31,0.00012],[102437.3,1.00059],[102437.29,0.00248],[102436.12,5e-05],[102435.29,0.01526],[102433.07,0.00049],[102430.3,5e-05],[102430.12,0.00136],[102429.77,0.0029],[102428.46,0.00098],[102427.33,0.01231],[102426.2,5e-05],[102426.02,0.0341],[102426.01,0.09767],[102425.94,0.00048],[102425.72,0.00161]],"asks":[[102438.2,3.05763],[102438.21,0.07516],[102438.27,0.00187],[102438.5,0.0026],[102439.02,0.00012],[102439.03,0.01657],[102439.18,0.12872],[102439.2,0.3223],[102440.98,6e-05],[102440.99,0.05906],[102441.22,0.01184],[102442.01,0.01408],[102442.23,0.04107],[102442.6,0.0025],[102443.31,0.04894],[102443.32,0.00094],[102443.99,0.05368],[102444.0,0.02933],[102445.02,0.00989],[102445.14,5e-05]]},"raw":{}}
{"exchange":"binance","instance_id":"A","symbol":"BTC-USD","event_ts":1762349856.914,"seq":79830784433,"depth":{"last_seq":79830784433,"bids":[[102438.19,0.46566],[102438.18,0.00533],[102438.11,0.0001],[102437.32,5e-05],[102437.31,0.00012],[102437.3,1.00059],[102437.29,0.00248],[102436.12,5e-05],[102435.29,0.01526],[102433.07,0.00049],[102430.3,5e-05],[102430.12,0.00136],[102429.77,0.0029],[102428.46,0.00098],[102427.33,0.01231],[102426.2,5e-05],[102426.02,0.0341],[102426.01,0.09767],[102425.94,0.00048],[102425.72,0.00161]],"asks":[[102438.2,3.05763],[102438.21,0.07516],[102438.27,0.00187],[102438.5,0.0026],[102439.02,0.00012],[102439.03,0.01657],[102439.18,0.12872],[102439.2,0.3223],[102440.98,6e-05],[102440.99,0.05906],[102441.22,0.01184],[102442.01,0.01408],[102442.23,0.04107],[102442.6,0.0025],[102443.31,0.04894],[102443.32,0.00094],[102443.99,0.05368],[102444.0,0.02933],[102445.02,0.00989],[102445.14,5e-05]]},"raw":{}}
{"exchange":"binance","instance_id":"A","symbol":"BTC-USD","event_ts":1762349857.014,"seq":79830784440,"depth":{"last_seq":79830784440,"bids":[[102438.19,0.46566],[102438.18,0.00533],[102438.11,0.0001],[102437.32,5e-05],[102437.31,0.00012],[102437.3,1.00059],[102437.29,0.00248],[102436.12,5e-05],[102435.29,0.01526],[102433.07,0.00049],[102430.3,5e-05],[102430.12,0.00136],[102429.77,0.0029],[102428.46,0.00098],[102427.33,0.01231],[102426.2,5e-05],[102426.02,0.0341],[102426.01,0.09767],[102425.94,0.00048],[102425.72,0.00161]],"asks":[[102438.2,3.05763],[102438.21,0.07516],[102438.27,0.00187],[102438.5,0.0026],[102439.02,0.00012],[102439.03,0.01657],[102439.18,0.12872],[102439.2,0.3223],[102440.98,6e-05],[102440.99,0.05906],[102441.22,0.01184],[102442.01,0.01408],[102442.23,0.04107],[102442.6,0.0025],[102443.31,0.04894],[102443.32,0.00094],[102443.99,0.05368],[102444.0,0.02933],[102445.02,0.00989],[102445.14,5e-05]]},"raw":{}}
{"exchange":"binance","instance_id":"A","symbol":"BTC-USD","event_ts":1762349857.114,"seq":79830784476,"depth":{"last_seq":79830784476,"bids":[[102438.19,0.47012],[102438.18,0.00041],[102438.11,0.0001],[102437.32,5e-05],[102437.31,0.00012],[102437.3,1.00059],[102436.12,5e-05],[102435.29,0.01532],[102433.07,0.00049],[102430.3,5e-05],[102430.12,0.00136],[102429.77,0.0029],[102428.46,0.00098],[102427.33,0.01237],[102426.2,5e-05],[102426.02,0.03416],[102426.01,0.09767],[102425.94,0.00048],[102425.72,0.00161],[102425.61,0.01393]],"asks":[[102438.2,3.05404],[102438.21,0.07516],[102438.27,0.00187],[102438.5,0.0026],[102439.02,0.00012],[102439.03,0.01657],[102439.18,0.12872],[102439.2,0.3223],[102440.98,6e-05],[102440.99,0.05906],[102441.22,0.01184],[102442.01,0.01408],[102442.23,0.04107],[102442.6,0.0025],[102443.31,0.04894],[102443.32,0.00094],[102443.99,0.05368],[102444.0,0.02933],[102445.02,0.00989],[102445.14,5e-05]]},"raw":{}}
{"exchange":"binance","instance_id":"A","symbol":"BTC-USD","event_ts":1762349857.214,"seq":79830784496,"depth":{"last_seq":79830784496,"bids":[[102438.19,0.47007],[102438.18,0.0003],[102438.11,0.0001],[102437.31,0.00012],[102437.3,1.00059],[102436.12,5e-05],[102435.29,0.01532],[102433.07,0.00049],[102430.3,5e-05],[102430.12,0.00136],[102429.77,0.0029],[102428.46,0.00098],[102427.33,0.01237],[102426.2,5e-05],[102426.02,0.03416],[102426.01,0.09767],[102425.94,0.00048],[102425.72,0.00161],[102425.61,0.01393],[102425.34,0.00201]],"asks":[[102438.2,3.05404],[102438.21,0.07516],[102438.27,0.00187],[102438.5,0.0026],[102439.02,0.00012],[102439.03,0.01657],[102439.18,0.12872],[102439.2,0.3223],[102440.98,6e-05],[102440.99,0.05906],[102441.22,0.01184],[102442.01,0.01408],[102442.23,0.04107],[102442.6,0.0025],[102443.31,0.04894],[102443.32,0.00094],[102443.99,0.05368],[102444.0,0.02933],[102445.02,0.00989],[102445.14,5e-05]]},"raw":{}}
{"exchange":"binance","instance_id":"A","symbol":"BTC-USD","event_ts":1762349857.314,"seq":79830784504,"depth":{"last_seq":79830784504,"bids":[[102438.19,0.47007],[102438.18,0.0003],[102438.11,0.0001],[102437.31,0.00012],[102437.3,1.00059],[102436.12,5e-05],[102435.29,0.01532],[102433.07,0.00049],[102430.3,5e-05],[102430.12,0.00136],[102429.77,0.0029],[102428.46,0.00098],[102427.33,0.01237],[102426.2,5e-05],[102426.02,0.03416],[102426.01,0.09767],[102425.94,0.00048],[102425.72,0.00161],[102425.61,0.01393],[102425.34,0.00201]],"asks":[[102438.2,3.05404],[102438.21,0.07516],[102438.27,0.00187],[102438.5,0.0026],[102439.02,0.00012],[102439.03,0.01657],[102439.18,0.12872],[102439.2,0.3223],[102440.98,6e-05],[102440.99,0.05906],[102441.22,0.01184],[102442.01,0.01408],[102442.23,0.04107],[102442.6,0.0025],[102443.31,0.04894],[102443.32,0.00094],[102443.99,0.05368],[102444.0,0.02933],[102445.02,0.00989],[102445.14,5e-05]]},"raw":{}}
{"exchange":"binance","instance_id":"A","symbol":"BTC-USD","event_ts":1762349857.414,"seq":79830784517,"depth":{"last_seq":79830784517,"bids":[[102438.19,0.47007],[102438.18,0.0003],[102438.11,0.0001],[102437.31,0.00012],[102437.3,1.00059],[102436.12,5e-05],[102435.29,0.01532],[102433.07,0.00049],[102430.3,5e-05],[102430.12,0.00136],[102429.77,0.0029],[102428.46,0.00098],[102427.33,0.01237],[102426.2,5e-05],[102426.02,0.03416],[102426.01,0.09767],[102425.94,0.00048],[102425.72,0.00161],[102425.61,0.01393],[102425.34,0.00201]],"asks":[[102438.2,3.05828],[102438.21,0.07516],[102438.27,0.00187],[102438.5,0.0026],[102439.02,0.00012],[102439.03,0.01657],[102439.18,0.12872],[102439.2,0.3223],[102440.98,6e-05],[102440.99,0.05906],[102441.22,0.01184],[102442.01,0.01408],[102442.23,0.04107],[102442.6,0.0025],[102443.31,0.04894],[102443.32,0.00094],[102443.99,0.05368],[102444.0,0.02933],[102445.02,0.00989],[102445.14,5e-05]]},"raw":{}}
{"exchange":"binance","instance_id":"A","symbol":"BTC-USD","event_ts":1762349857.514,"seq":79830784527,"depth":{"last_seq":79830784527,"bids":[[102438.19,0.64188],[102438.18,0.0003],[102438.11,0.0001],[102437.31,0.00012],[102437.3,1.00059],[102436.12,5e-05],[102435.29,0.01532],[102433.07,0.00049],[102430.3,5e-05],[102430.12,0.00136],[102429.77,0.0029],[102428.46,0.00098],[102427.33,0.00017],[102426.2,5e-05],[102426.02,0.03416],[102426.01,0.09767],[102425.94,0.00048],[102425.72,0.00161],[102425.61,0.01393],[102425.34,0.00201]],"asks":[[102438.2,3.05828],[102438.21,0.07516],[102438.27,0.00187],[102438.5,0.0026],[102439.02,0.00012],[102439.03,0.01657],[102439.18,0.12872],[102439.2,0.3223],[102440.98,6e-05],[102440.99,0.05906],[102441.22,0.01184],[102442.01,0.01408],[102442.23,0.04107],[102442.6,0.0025],[102443.31,0.04894],[102443.32,0.00094],[102443.99,0.05368],[102444.0,0.02933],[102445.02,0.00989],[102445.14,5e-05]]},"raw":{}}
{"exchange":"binance","instance_id":"A","symbol":"BTC-USD","event_ts":1762349857.614,"seq":79830784611,"depth":{"last_seq":79830784611,"bids":[[102438.19,0.08174],[102438.18,0.00165],[102438.11,0.0001],[102437.31,0.00012],[102437.3,1.00059],[102436.12,5e-05],[102435.29,0.01532],[102433.07,0.00049],[102430.3,5e-05],[102429.77,0.0028],[102428.46,0.00098],[102427.33,5e-05],[102426.2,5e-05],[102426.02,0.03404],[102426.01,0.00012],[102425.94,0.00048],[102425.72,0.00161],[102425.61,0.01393],[102425.34,0.00201],[102424.99,0.00012]],"asks":[[102438.2,3.2981],[102438.21,0.07516],[102438.27,0.00187],[102438.5,0.0026],[102439.03,0.01657],[102439.18,0.12872],[102439.2,0.3223],[102440.74,0.04],[102440.99,0.05906],[102441.22,0.01184],[102442.01,0.01408],[102442.23,0.04107],[102442.6,0.0025],[102443.31,0.04894],[102443.32,0.00094],[102443.99,0.05368],[102444.0,0.02933],[102445.02,0.00989],[102445.14,5e-05],[102445.28,0.00424]]},"raw":{}}
{"exchange":"binance","instance_id":"A","symbol":"BTC-USD","event_ts":1762349857.714,"seq":79830784884,"depth":{"last_seq":79830784884,"bids":[[102437.3,0.7577],[102437.29,0.0006],[102437.23,0.0001],[102436.12,5e-05],[102435.3,0.00012],[102435.29,0.00012],[102434.4,0.01515],[102433.07,0.00049],[102430.3,5e-05],[102429.82,0.00102],[102429.77,0.0028],[102428.46,0.00098],[102427.33,5e-05],[102426.2,5e-05],[102426.03,0.00012],[102426.02,0.00012],[102425.94,0.00048],[102425.72,0.00161],[102425.62,0.00012],[102425.61,0.01399]],"asks":[[102437.31,5.78713],[102437.39,0.0001],[102437.62,0.0001],[102438.14,0.01635],[102438.19,1.12158],[102438.2,0.15725],[102438.21,0.07516],[102438.27,0.00167],[102438.5,0.0026],[102439.03,0.00017],[102439.18,0.00012],[102439.2,0.32224],[102440.74,0.04],[102440.99,0.05906],[102441.22,0.01184],[102442.01,0.01408],[102442.23,0.04101],[102442.6,0.0025],[102443.31,5e-05],[102443.32,0.00094]]},"raw":{}}
{"exchange":"binance","instance_id":"A","symbol":"BTC-USD","event_ts":1762349857.814,"seq":79830784975,"depth":{"last_seq":79830784975,"bids":[[102437.3,0.60188],[102437.29,0.0007],[102437.23,0.0001],[102434.41,0.00012],[102434.4,0.01532],[102433.07,0.00049],[102430.3,5e-05],[102429.82,0.00102],[102429.77,0.0028],[102428.46,0.00098],[102426.2,5e-05],[102425.94,0.00048],[102425.72,0.00161],[102425.62,0.00012],[102425.61,0.01399],[102425.34,0.00196],[102424.93,0.00012],[102424.92,0.39863],[102424.88,0.00012],[102424.87,0.1071]],"asks":[[102437.31,5.78796],[102437.39,0.0001],[102438.14,0.01667],[102438.18,0.51386],[102438.19,0.00032],[102438.2,0.1569],[102438.21,0.07488],[102438.27,0.00152],[102438.5,0.0025],[102439.03,5e-05],[102439.2,0.32224],[102440.74,0.04],[102440.99,0.05906],[102441.22,0.01184],[102442.01,0.01403],[102442.23,0.04101],[102442.6,0.0025],[102443.31,5e-05],[102443.32,0.00094],[102443.99,0.05368]]},"raw":{}}
{"exchange":"binance","instance_id":"A","symbol":"BTC-USD","event_ts":1762349857.914,"seq":79830785014,"depth":{"last_seq":79830785014,"bids":[[102437.3,0.60182],[102437.29,0.0007],[102437.23,0.0001],[102434.41,0.00012],[102434.4,0.01532],[102433.07,0.00049],[102430.3,5e-05],[102429.82,0.00102],[102429.77,0.0028],[102428.46,0.00098],[102426.2,5e-05],[102425.94,0.00048],[102425.72,0.00161],[102425.62,0.00012],[102425.61,0.01399],[102425.34,0.00196],[102424.93,0.00012],[102424.92,0.39863],[102424.88,0.00012],[102424.87,0.1071]],"asks":[[102437.31,5.7922],[102437.39,0.0001],[102438.14,0.01667],[102438.17,0.33222],[102438.18,0.00032],[102438.19,0.0001],[102438.2,0.1569],[102438.21,0.07478],[102438.27,0.00152],[102438.5,0.0025],[102439.03,5e-05],[102439.2,0.32224],[102440.74,0.04],[102440.99,0.05906],[102441.22,0.01184],[102442.01,0.01403],[102442.23,0.04101],[102442.6,0.0025],[102443.31,5e-05],[102443.32,0.00094]]},"raw":{}}
{"exchange":"binance","instance_id":"A","symbol":"BTC-USD","event_ts":1762349858.014,"seq":79830785050,"depth":{"last_seq":79830785050,"bids":[[102437.3,0.60182],[102437.29,0.0007],[102437.23,0.0001],[102434.41,0.00012],[102434.4,0.01532],[102433.07,0.00049],[102430.3,5e-05],[102429.82,0.00102],[102429.77,0.0028],[102428.46,0.00098],[102426.2,5e-05],[102425.94,0.00048],[102425.72,0.00161],[102425.62,0.00012],[102425.61,0.01399],[102425.34,0.00196],[102424.93,0.00012],[102424.92,0.39863],[102424.88,0.00012],[102424.87,0.1071]],"asks":[[102437.31,5.7922],[102437.39,0.0001],[102438.14,0.01667],[102438.17,0.17915],[102438.18,0.0001],[102438.2,0.1569],[102438.21,0.07478],[102438.27,0.00152],[102438.5,0.0025],[102439.03,5e-05],[102439.2,0.32224],[102440.74,0.04],[102440.99,0.05906],[102441.22,0.01184],[102442.01,0.01403],[102442.23,0.04101],[102442.6,0.0025],[102443.31,5e-05],[102443.32,0.00094],[102443.99,0.05368]]},"raw":{}}
{"exchange":"binance","instance_id":"A","symbol":"BTC-USD","event_ts":1762349858.114,"seq":79830785065,"depth":{"last_seq":79830785065,"bids":[[102437.3,0.60182],[102437.29,0.0007],[102437.23,0.0001],[102434.41,0.00012],[102434.4,0.01532],[102433.07,0.00049],[102430.3,5e-05],[102429.82,0.00102],[102429.77,0.0028],[102428.46,0.00098],[102426.2,5e-05],[102425.94,0.00048],[102425.72,0.00161],[102425.62,0.00012],[102425.61,0.01399],[102425.34,0.00196],[102424.93,0.00012],[102424.92,0.39863],[102424.88,0.00012],[102424.87,0.1071]],"asks":[[102437.31,5.78796],[102437.39,0.0001],[102438.14,0.01667],[102438.17,0.17915],[102438.2,0.1569],[102438.21,0.07488],[102438.27,0.00152],[102438.5,0.0025],[102439.03,5e-05],[102439.2,0.32224],[102440.74,0.04],[102440.99,0.05906],[102441.22,0.01184],[102442.01,0.01403],[102442.23,0.04101],[102442.6,0.0025],[102443.31,5e-05],[102443.32,0.00094],[102443.99,0.05368],[102444.0,0.02933]]},"raw":{}}
{"exchange":"binance","instance_id":"A","symbol":"BTC-USD","event_ts":1762349858.214,"seq":79830785079,"depth":{"last_seq":79830785079,"bids":[[102437.3,0.50192],[102437.29,0.0007],[102437.23,0.0001],[102434.41,0.00012],[102434.4,0.01532],[102433.07,0.00049],[102430.3,5e-05],[102429.82,0.00102],[102429.77,0.0028],[102428.46,0.00098],[102426.2,5e-05],[102425.94,0.00048],[102425.72,0.00161],[102425.62,0.00012],[102425.61,0.01399],[102425.34,0.00196],[102424.93,0.00012],[102424.92,0.39863],[102424.88,0.00012],[102424.87,0.1071]],"asks":[[102437.31,5.54378],[102437.39,0.0001],[102438.14,0.01667],[102438.17,0.17915],[102438.2,0.1569],[102438.21,0.07488],[102438.27,0.00152],[102438.5,0.0025],[102439.03,5e-05],[102439.2,0.32224],[102440.74,0.04],[102440.99,0.05906],[102441.22,0.01184],[102442.01,0.01403],[102442.23,0.04101],[102442.6,0.0025],[102443.31,5e-05],[102443.32,0.00094],[102443.99,0.05368],[102444.0,0.02933]]},"raw":{}}
{"exchange":"binance","instance_id":"A","symbol":"BTC-USD","event_ts":1762349858.314,"seq":79830785085,"depth":{"last_seq":79830785085,"bids":[[102437.3,0.50069],[102437.29,0.0007],[102437.23,0.0001],[102434.41,0.00012],[102434.4,0.01532],[102433.07,0.00049],[102430.3,5e-05],[102429.82,0.00102],[102429.77,0.0028],[102428.46,0.00098],[102426.2,5e-05],[102425.94,0.00048],[102425.72,0.00161],[102425.62,0.00012],[102425.61,0.01399],[102425.34,0.00196],[102424.93,0.00012],[102424.92,0.39863],[102424.88,0.00012],[102424.87,0.1071]],"asks":[[102437.31,5.54378],[102437.39,0.0001],[102438.14,0.01667],[102438.17,0.17915],[102438.2,0.0102],[102438.21,0.07488],[102438.27,0.00152],[102438.5,0.0025],[102438.58,5e-05],[102439.03,5e-05],[102439.2,0.32224],[102440.74,0.04],[102440.99,0.05906],[102441.22,0.01184],[102442.01,0.01403],[102442.23,0.04101],[102442.6,0.0025],[102443.31,5e-05],[102443.32,0.00094],[102443.99,0.05368]]},"raw":{}}
{"exchange":"binance","instance_id":"A","symbol":"BTC-USD","event_ts":1762349858.414,"seq":79830785095,"depth":{"last_seq":79830785095,"bids":[[102437.3,0.50425],[102437.29,0.0007],[102437.23,0.0001],[102434.41,0.00012],[102434.4,0.01532],[102433.07,0.00049],[102430.3,5e-05],[102429.82,0.00102],[102429.77,0.0028],[102428.46,0.00098],[102426.2,5e-05],[102425.94,0.00048],[102425.72,0.00161],[102425.62,0.00012],[102425.61,0.01399],[102425.34,0.00196],[102424.93,0.00012],[102424.92,0.39863],[102424.88,0.00012],[102424.87,0.1071]],"asks":[[102437.31,5.55765],[102437.39,0.0001],[102438.14,0.01672],[102438.17,0.17915],[102438.2,0.0102],[102438.21,0.07488],[102438.27,0.00152],[102438.5,0.0025],[102438.58,5e-05],[102439.03,5e-05],[102439.2,0.32224],[102440.74,0.04],[102440.99,0.05906],[102441.22,0.01184],[102442.01,0.00016],[102442.23,0.04101],[102442.6,0.0025],[102443.31,5e-05],[102443.32,0.00094],[102443.99,0.05368]]},"raw":{}}
{"exchange":"binance","instance_id":"A","symbol":"BTC-USD","event_ts":1762349858.514,"seq":79830785102,"depth":{"last_seq":79830785102,"bids":[[102437.3,0.50425],[102437.29,0.0007],[102437.23,0.0001],[102434.41,0.00012],[102434.4,0.01532],[102433.07,0.00049],[102430.3,5e-05],[102429.82,0.00102],[102429.77,0.0028],[102428.46,0.00098],[102426.2,5e-05],[102425.94,0.00048],[102425.72,0.00161],[102425.62,0.00012],[102425.61,0.01399],[102425.34,0.00196],[102424.93,0.00012],[102424.92,0.39863],[102424.88,0.00012],[102424.87,0.1071]],"asks":[[102437.31,5.55765],[102437.39,0.0001],[102438.14,0.01672],[102438.17,0.17915],[102438.2,0.0102],[102438.21,0.07494],[102438.27,0.00152],[102438.5,0.0025],[102438.58,5e-05],[102439.03,5e-05],[102439.2,0.32224],[102440.74,0.04006],[102440.99,0.05901],[102441.22,0.01178],[102442.01,0.0001],[102442.23,0.04101],[102442.6,0.0025],[102443.31,5e-05],[102443.32,0.00094],[102443.99,0.05368]]},"raw":{}}
{"exchange":"binance","instance_id":"A","symbol":"BTC-USD","event_ts":1762349858.614,"seq":79830785121,"depth":{"last_seq":79830785121,"bids":[[102437.3,0.50424],[102437.29,0.0007],[102437.23,0.0001],[102434.41,0.00012],[102434.4,0.01532],[102433.07,0.00049],[102430.3,5e-05],[102429.82,0.00102],[102429.77,0.0028],[102428.46,0.00098],[102426.2,5e-05],[102425.94,0.00048],[102425.72,0.00161],[102425.62,0.00012],[102425.61,0.01399],[102425.34,0.00196],[102424.93,0.00012],[102424.92,0.39863],[102424.88,0.00012],[102424.87,0.1071]],"asks":[[102437.31,5.55746],[102437.39,0.0001],[102438.14,0.01672],[102438.17,0.17915],[102438.2,0.0102],[102438.21,0.075],[102438.27,0.00152],[102438.5,0.0025],[102438.58,5e-05],[102439.03,5e-05],[102439.2,0.32224],[102440.14,0.02],[102440.74,0.04006],[102440.99,0.05901],[102441.22,0.01184],[102442.01,0.0001],[102442.23,0.04101],[102442.6,0.0025],[102443.31,5e-05],[102443.32,0.00094]]},"raw":{}}
{"exchange":"binance","instance_id":"A","symbol":"BTC-USD","event_ts":1762349858.714,"seq":79830785145,"depth":{"last_seq":79830785145,"bids":[[102437.3,0.50419],[102437.29,0.00065],[102437.23,0.0001],[102434.41,0.00012],[102434.4,0.01532],[102433.07,0.00049],[102430.3,5e-05],[102429.82,0.00102],[102429.77,0.0028],[102428.46,0.00098],[102426.2,5e-05],[102425.94,0.00048],[102425.72,0.00161],[102425.62,0.00012],[102425.61,0.01399],[102425.34,0.00196],[102425.26,0.01192],[102424.93,0.00012],[102424.92,0.39863],[102424.88,0.00012]],"asks":[[102437.31,5.55746],[102437.39,0.0001],[102438.14,0.01672],[102438.17,0.17915],[102438.2,0.0102],[102438.21,0.075],[102438.27,0.00152],[102438.5,0.00255],[102438.58,5e-05],[102439.03,5e-05],[102439.2,0.32224],[102440.14,0.02006],[102440.74,0.04006],[102440.99,0.05901],[102441.22,0.01184],[102442.01,0.0001],[102442.23,0.04101],[102442.6,0.0025],[102443.31,5e-05],[102443.32,0.00094]]},"raw":{}}
{"exchange":"binance","instance_id":"A","symbol":"BTC-USD","event_ts":1762349858.814,"seq":79830785191,"depth":{"last_seq":79830785191,"bids":[[102437.3,0.81195],[102437.29,0.00065],[102437.23,0.0001],[102434.41,0.00012],[102434.4,0.01532],[102433.07,0.00049],[102430.3,5e-05],[102429.77,0.0028],[102428.46,0.00098],[102426.2,5e-05],[102425.94,0.00048],[102425.72,0.00161],[102425.62,0.00012],[102425.61,0.01399],[102425.34,0.00201],[102425.27,0.00012],[102425.26,0.01204],[102424.93,0.00012],[102424.92,0.39863],[102424.88,0.00012]],"asks":[[102437.31,5.55746],[102437.39,0.0001],[102438.13,0.00012],[102438.14,0.01672],[102438.16,0.00012],[102438.17,0.17915],[102438.2,0.01032],[102438.21,0.075],[102438.27,0.00152],[102438.5,0.00255],[102438.58,5e-05],[102439.03,5e-05],[102439.19,0.00012],[102439.2,0.32224],[102440.14,0.02006],[102440.74,0.04006],[102440.99,0.05901],[102441.22,0.01184],[102442.01,0.0001],[102442.23,0.04101]]},"raw":{}}
{"exchange":"binance","instance_id":"A","symbol":"BTC-USD","event_ts":1762349858.914,"seq":79830785206,"depth":{"last_seq":79830785206,"bids":[[102437.3,0.81195],[102437.29,0.00065],[102437.23,0.0001],[102434.41,0.00012],[102434.4,0.01527],[102433.07,0.00049],[102430.3,5e-05],[102429.77,0.0028],[102429.22,0.00104],[102428.46,0.00098],[102426.2,5e-05],[102425.94,0.00048],[102425.72,0.00161],[102425.62,0.00012],[102425.61,0.01399],[102425.34,0.00201],[102425.27,0.00012],[102425.26,0.01204],[102424.93,0.00012],[102424.92,0.39863]],"asks":[[102437.31,5.55746],[102437.39,0.00018],[102438.13,0.00012],[102438.14,0.01672],[102438.16,0.00012],[102438.17,0.17915],[102438.2,0.01032],[102438.21,0.075],[102438.27,0.00152],[102438.5,0.00255],[102438.58,5e-05],[102439.03,5e-05],[102439.19,0.00012],[102439.2,0.32224],[102440.14,0.02006],[102440.74,0.04006],[102440.99,0.05901],[102441.22,0.01184],[102442.01,0.0001],[102442.23,0.04101]]},"raw":{}}
{"exchange":"binance","instance_id":"A","symbol":"BTC-USD","event_ts":1762349859.014,"seq":79830785211,"depth":{"last_seq":79830785211,"bids":[[102437.3,0.81195],[102437.29,0.00065],[102437.23,0.0001],[102434.41,0.00012],[102434.4,0.01527],[102433.07,0.00049],[102430.3,5e-05],[102429.77,0.00285],[102429.22,0.00104],[102428.46,0.00098],[102426.2,5e-05],[102425.94,0.00048],[102425.72,0.00161],[102425.62,0.00012],[102425.61,0.01399],[102425.34,0.00201],[102425.27,0.00012],[102425.26,0.01204],[102424.93,0.00012],[102424.92,0.39863]],"asks":[[102437.31,5.55746],[102437.39,0.00018],[102438.13,0.00012],[102438.14,0.01672],[102438.16,0.00012],[102438.17,0.17915],[102438.2,0.01032],[102438.21,0.075],[102438.27,0.00152],[102438.5,0.00255],[102438.58,5e-05],[102439.03,5e-05],[102439.19,0.00012],[102439.2,0.32224],[102440.14,0.02006],[102440.74,0.04006],[102440.99,0.05901],[102441.22,0.01184],[102442.01,0.0001],[102442.23,0.04101]]},"raw":{}}
{"exchange":"binance","instance_id":"A","symbol":"BTC-USD","event_ts":1762349859.114,"seq":79830785219,"depth":{"last_seq":79830785219,"bids":[[102437.3,0.81195],[102437.29,0.00065],[102437.23,0.0001],[102434.41,0.00012],[102434.4,0.01527],[102433.07,0.00049],[102430.3,5e-05],[102429.77,0.00285],[102429.22,0.00104],[102428.46,0.00098],[102426.61,0.09761],[102426.2,5e-05],[102425.94,0.00048],[102425.72,0.00161],[102425.62,0.00012],[102425.61,0.01399],[102425.34,0.00201],[102425.27,0.00012],[102425.26,0.01204],[102424.93,0.00012]],"asks":[[102437.31,5.55746],[102437.39,0.00018],[102438.13,0.00012],[102438.14,0.01672],[102438.16,0.00012],[102438.17,0.17915],[102438.2,0.01032],[102438.21,0.075],[102438.27,0.00152],[102438.5,0.00255],[102438.58,5e-05],[102439.03,5e-05],[102439.19,0.00012],[102439.2,0.32224],[102440.14,0.02006],[102440.74,0.04006],[102440.99,0.05901],[102441.22,0.01184],[102442.01,0.0001],[102442.23,0.04101]]},"raw":{}}
{"exchange":"binance","instance_id":"A","symbol":"BTC-USD","event_ts":1762349859.214,"seq":79830785248,"depth":{"last_seq":79830785248,"bids":[[102437.3,0.50426],[102437.29,0.0006],[102437.23,0.0001],[102434.41,0.00012],[102434.4,0.01527],[102433.07,0.00049],[102430.3,5e-05],[102429.77,0.00285],[102429.22,0.00109],[102428.46,0.00098],[102426.62,0.03411],[102426.2,5e-05],[102425.94,0.00048],[102425.72,0.00161],[102425.62,0.00012],[102425.61,0.01399],[102425.34,0.00201],[102425.27,0.00012],[102425.26,0.01204],[102424.93,0.00012]],"asks":[[102437.31,5.55746],[102437.39,0.00018],[102438.13,0.00012],[102438.14,0.01672],[102438.16,0.00012],[102438.17,0.17915],[102438.2,0.01032],[102438.21,0.075],[102438.27,0.00152],[102438.5,0.00255],[102438.58,5e-05],[102439.03,5e-05],[102439.2,0.32224],[102440.14,0.02006],[102440.74,0.04006],[102440.99,0.05901],[102441.22,0.01184],[102442.01,0.0001],[102442.23,0.04101],[102442.6,0.0025]]},"raw":{}}
{"exchange":"binance","instance_id":"A","symbol":"BTC-USD","event_ts":1762349859.314,"seq":79830785275,"depth":{"last_seq":79830785275,"bids":[[102437.3,0.50419],[102437.29,0.00065],[102437.23,0.0001],[102434.41,0.00012],[102434.4,0.01527],[102433.07,0.00049],[102430.3,5e-05],[102429.77,0.00285],[102429.22,0.00109],[102428.46,0.00098],[102426.63,0.01515],[102426.62,6e-05],[102426.2,5e-05],[102425.94,0.00048],[102425.72,0.00161],[102425.62,0.00012],[102425.61,0.01399],[102425.34,0.00201],[102425.27,0.00012],[102425.26,0.01204]],"asks":[[102437.31,5.40254],[102437.39,0.00018],[102438.13,0.00012],[102438.14,0.01672],[102438.16,0.00012],[102438.17,0.17915],[102438.2,0.01032],[102438.21,0.075],[102438.27,0.00152],[102438.5,0.00255],[102438.58,5e-05],[102439.03,5e-05],[102439.2,0.32224],[102440.14,0.02006],[102440.74,0.04006],[102440.99,0.05901],[102441.22,0.01184],[102442.01,0.0001],[102442.23,0.04101],[102442.6,0.0025]]},"raw":{}}
{"exchange":"binance","instance_id":"A","symbol":"BTC-USD","event_ts":1762349859.414,"seq":79830785300,"depth":{"last_seq":79830785300,"bids":[[102437.3,0.50419],[102437.29,0.00065],[102437.23,0.0001],[102436.54,5e-05],[102434.41,0.00012],[102434.4,0.01527],[102433.07,0.00049],[102430.3,5e-05],[102429.77,0.00285],[102429.22,0.00109],[102428.46,0.00098],[102426.64,0.00012],[102426.63,6e-05],[102426.2,5e-05],[102425.94,0.00048],[102425.72,0.00161],[102425.62,0.00012],[102425.61,0.01399],[102425.34,0.00201],[102425.27,0.00012]],"asks":[[102437.31,5.40254],[102437.39,0.00018],[102438.13,0.00012],[102438.14,0.01672],[102438.16,0.00012],[102438.17,0.17915],[102438.2,0.01032],[102438.21,0.075],[102438.27,0.00152],[102438.5,0.00255],[102438.58,5e-05],[102439.03,5e-05],[102439.2,0.32224],[102440.14,0.02006],[102440.74,0.04006],[102440.99,0.05901],[102441.22,0.01184],[102442.01,0.0001],[102442.23,0.04101],[102442.6,0.0025]]},"raw":{}}
{"exchange":"binance","instance_id":"A","symbol":"BTC-USD","event_ts":1762349859.514,"seq":79830785320,"depth":{"last_seq":79830785320,"bids":[[102437.3,0.50414],[102437.29,0.0006],[102437.23,0.0001],[102436.54,5e-05],[102434.41,0.00012],[102434.4,0.01527],[102433.07,0.00049],[102430.3,5e-05],[102429.77,0.00285],[102429.22,0.00104],[102428.46,0.00098],[102426.2,5e-05],[102425.94,0.00048],[102425.72,0.00161],[102425.62,0.00012],[102425.61,0.01399],[102425.34,0.00201],[102425.27,0.00012],[102425.26,0.01204],[102424.93,0.00012]],"asks":[[102437.31,5.40254],[102437.39,0.00018],[102438.13,0.00012],[102438.14,0.01672],[102438.16,0.00012],[102438.17,0.17915],[102438.2,0.01032],[102438.21,0.075],[102438.27,0.00152],[102438.5,0.00255],[102438.58,5e-05],[102439.03,5e-05],[102439.2,0.32224],[102440.14,0.02006],[102440.74,0.04006],[102440.99,0.05901],[102441.22,0.01184],[102442.01,0.0001],[102442.23,0.04101],[102442.6,0.0025]]},"raw":{}}
{"exchange":"binance","instance_id":"A","symbol":"BTC-USD","event_ts":1762349859.614,"seq":79830785326,"depth":{"last_seq":79830785326,"bids":[[102437.3,0.50414],[102437.29,0.0006],[102437.23,0.0001],[102436.54,5e-05],[102434.41,0.00012],[102434.4,0.01527],[102433.07,0.00049],[102430.3,5e-05],[102429.77,0.00285],[102429.22,0.00104],[102428.46,0.00098],[102426.2,5e-05],[102425.94,0.00048],[102425.72,0.00161],[102425.62,0.00012],[102425.61,0.01399],[102425.34,0.00201],[102425.27,0.00012],[102425.26,0.01204],[102424.93,0.00012]],"asks":[[102437.31,5.40254],[102437.39,0.00018],[102438.13,0.00012],[102438.14,0.01672],[102438.16,0.00012],[102438.17,0.17915],[102438.2,0.01032],[102438.21,0.075],[102438.27,0.00152],[102438.5,0.00255],[102438.58,5e-05],[102439.03,5e-05],[102439.2,0.32224],[102440.14,0.02006],[102440.74,0.04006],[102440.99,0.05901],[102441.22,0.01184],[102442.01,0.0001],[102442.23,0.04101],[102442.6,0.0025]]},"raw":{}}
{"exchange":"binance","instance_id":"A","symbol":"BTC-USD","event_ts":1762349859.714,"seq":79830785332,"depth":{"last_seq":79830785332,"bids":[[102437.3,0.50414],[102437.29,0.0006],[102437.23,0.0001],[102436.54,5e-05],[102434.41,0.00012],[102434.4,0.01527],[102433.07,0.00049],[102430.3,5e-05],[102429.77,0.00285],[102429.22,0.00104],[102428.46,0.00098],[102426.2,5e-05],[102425.94,0.00048],[102425.72,0.00161],[102425.62,0.00012],[102425.61,0.01399],[102425.34,0.00201],[102425.27,0.00012],[102425.26,0.01204],[102424.93,0.00012]],"asks":[[102437.31,5.40254],[102437.39,0.00018],[102438.13,0.00012],[102438.14,0.01672],[102438.16,0.00012],[102438.17,0.17915],[102438.2,0.01032],[102438.21,0.075],[102438.27,0.00152],[102438.5,0.00255],[102438.58,5e-05],[102439.03,5e-05],[102439.2,0.32224],[102440.14,0.02006],[102440.74,0.04006],[102440.99,0.05901],[102441.22,0.01184],[102442.01,0.0001],[102442.23,0.04101],[102442.6,0.0025]]},"raw":{}}
{"exchange":"binance","instance_id":"A","symbol":"BTC-USD","event_ts":1762349859.815,"seq":79830785344,"depth":{"last_seq":79830785344,"bids":[[102437.3,0.50761],[102437.29,0.0006],[102437.23,0.0001],[102436.54,5e-05],[102434.41,0.00012],[102434.4,0.01527],[102433.07,0.00049],[102430.3,5e-05],[102429.77,0.00285],[102429.22,0.00104],[102428.46,0.00098],[102426.2,5e-05],[102425.94,0.00048],[102425.72,0.00161],[102425.62,0.00012],[102425.61,0.00012],[102425.34,0.00201],[102425.27,0.00012],[102425.26,0.01204],[102424.93,0.00012]],"asks":[[102437.31,5.40254],[102437.39,0.00018],[102438.13,0.00012],[102438.14,0.01672],[102438.16,0.00012],[102438.17,0.17915],[102438.2,0.01032],[102438.21,0.075],[102438.27,0.00152],[102438.5,0.00255],[102438.58,5e-05],[102439.03,5e-05],[102439.2,0.32224],[102440.14,0.02006],[102440.74,0.04006],[102440.99,0.05901],[102441.22,0.01184],[102442.01,0.0001],[102442.23,0.04101],[102442.6,0.0025]]},"raw":{}}
{"exchange":"binance","instance_id":"A","symbol":"BTC-USD","event_ts":1762349859.914,"seq":79830785369,"depth":{"last_seq":79830785369,"bids":[[102437.3,0.50333],[102437.29,0.00055],[102437.23,0.0001],[102436.54,5e-05],[102434.41,0.00012],[102434.4,0.01527],[102433.07,0.00049],[102430.3,5e-05],[102429.77,0.00285],[102429.22,0.00104],[102428.46,0.00098],[102426.2,5e-05],[102425.94,0.00048],[102425.72,0.00156],[102425.34,0.00201],[102425.27,0.00012],[102425.26,0.01204],[102424.93,0.00012],[102424.92,0.31082],[102424.88,0.00012]],"asks":[[102437.31,5.55734],[102437.39,0.00018],[102438.13,0.00012],[102438.14,0.01672],[102438.16,0.00012],[102438.17,0.17915],[102438.2,0.01032],[102438.21,0.075],[102438.27,0.00152],[102438.5,0.00255],[102438.58,5e-05],[102439.03,5e-05],[102439.2,0.32224],[102440.14,0.02006],[102440.74,0.04006],[102440.99,0.05901],[102441.22,0.01184],[102442.01,0.0001],[102442.23,0.04101],[102442.6,0.0025]]},"raw":{}}
{"exchange":"binance","instance_id":"A","symbol":"BTC-USD","event_ts":1762349860.014,"seq":79830785385,"depth":{"last_seq":79830785385,"bids":[[102437.3,0.50341],[102437.29,0.00055],[102437.23,0.0001],[102436.54,5e-05],[102434.41,0.00012],[102434.4,0.01527],[102433.07,0.00049],[102430.3,5e-05],[102429.77,0.00285],[102428.46,0.00098],[102426.2,5e-05],[102425.94,0.00048],[102425.72,0.00156],[102425.34,0.00201],[102425.27,0.00012],[102425.26,0.01204],[102424.93,0.00012],[102424.92,0.31082],[102424.88,0.00012],[102424.87,0.10715]],"asks":[[102437.31,5.5573],[102437.39,0.00018],[102438.13,0.00012],[102438.14,0.01672],[102438.16,0.00012],[102438.17,0.17915],[102438.2,0.01032],[102438.21,0.075],[102438.27,0.00152],[102438.5,0.00255],[102438.58,5e-05],[102439.03,5e-05],[102439.2,0.32224],[102440.14,0.02006],[102440.74,0.04006],[102440.99,0.05901],[102441.22,0.01184],[102442.01,0.0001],[102442.23,0.04101],[102442.6,0.0025]]},"raw":{}}
{"exchange":"binance","instance_id":"A","symbol":"BTC-USD","event_ts":1762349860.114,"seq":79830785404,"depth":{"last_seq":79830785404,"bids":[[102437.3,0.81111],[102437.29,0.00055],[102437.23,0.0001],[102436.54,5e-05],[102434.41,0.00012],[102434.4,0.01527],[102433.07,0.00049],[102430.3,5e-05],[102429.77,0.10042],[102429.22,0.00103],[102428.46,0.00098],[102426.2,5e-05],[102425.94,0.00048],[102425.72,0.00156],[102425.34,0.00201],[102425.27,0.00012],[102425.26,0.01204],[102424.93,0.00012],[102424.92,0.31082],[102424.88,0.00012]],"asks":[[102437.31,5.5573],[102437.39,0.00018],[102438.13,0.00012],[102438.14,0.01672],[102438.16,0.00012],[102438.17,0.17915],[102438.2,0.01032],[102438.21,0.075],[102438.27,0.00152],[102438.5,0.00255],[102438.58,5e-05],[102439.03,5e-05],[102439.19,0.00012],[102439.2,0.32224],[102440.14,0.02006],[102440.73,6e-05],[102440.74,0.04006],[102440.99,0.05901],[102441.22,0.01184],[102442.01,0.0001]]},"raw":{}}
{"exchange":"binance","instance_id":"A","symbol":"BTC-USD","event_ts":1762349860.214,"seq":79830785437,"depth":{"last_seq":79830785437,"bids":[[102437.3,0.81076],[102437.29,0.0005],[102437.23,0.0001],[102436.54,5e-05],[102434.41,0.00012],[102434.4,0.01527],[102433.07,0.00049],[102430.3,5e-05],[102429.78,0.03133],[102429.77,0.10059],[102429.22,0.00103],[102428.46,0.00098],[102426.2,0.00255],[102425.94,0.00048],[102425.72,0.00156],[102425.34,0.00201],[102425.27,0.00012],[102425.26,0.01204],[102424.93,0.00012],[102424.92,0.31082]],"asks":[[102437.31,5.5573],[102437.39,0.00018],[102438.13,0.00012],[102438.14,0.01672],[102438.16,0.00012],[102438.17,0.17915],[102438.2,0.01032],[102438.21,0.075],[102438.27,0.00152],[102438.5,0.00255],[102438.58,5e-05],[102439.03,5e-05],[102439.19,0.00012],[102439.2,0.32224],[102440.14,0.02006],[102440.73,6e-05],[102440.74,0.04006],[102440.99,0.05901],[102441.22,0.01184],[102442.01,0.0001]]},"raw":{}}
{"exchange":"binance","instance_id":"A","symbol":"BTC-USD","event_ts":1762349860.314,"seq":79830785466,"depth":{"last_seq":79830785466,"bids":[[102437.3,0.8128],[102437.29,0.00055],[102437.23,0.0001],[102436.54,5e-05],[102434.41,0.00012],[102434.4,0.01532],[102433.07,0.00049],[102430.3,5e-05],[102429.79,0.00012],[102429.78,0.03145],[102429.77,0.10059],[102429.22,0.00108],[102428.46,0.00098],[102426.2,0.00255],[102425.94,0.00048],[102425.72,0.00156],[102425.34,0.00201],[102425.27,0.00012],[102425.26,0.01204],[102424.93,0.00012]],"asks":[[102437.31,5.55716],[102437.39,0.00018],[102438.13,0.00012],[102438.14,0.01672],[102438.16,0.00012],[102438.17,0.17915],[102438.2,0.01032],[102438.21,0.075],[102438.27,0.00152],[102438.5,0.00255],[102438.58,5e-05],[102439.03,5e-05],[102439.19,0.00012],[102439.2,0.32224],[102440.14,0.02006],[102440.73,6e-05],[102440.74,0.04006],[102440.99,0.05901],[102441.22,0.01184],[102442.01,0.0001]]},"raw":{}}
{"exchange":"binance","instance_id":"A","symbol":"BTC-USD","event_ts":1762349860.414,"seq":79830785471,"depth":{"last_seq":79830785471,"bids":[[102437.3,0.97678],[102437.29,0.00055],[102437.23,0.0001],[102436.54,5e-05],[102434.41,0.00012],[102434.4,0.01532],[102433.07,0.00049],[102430.3,5e-05],[102429.79,0.00012],[102429.78,0.03145],[102429.77,0.10059],[102429.22,0.00108],[102428.46,0.00098],[102426.2,0.00255],[102425.94,0.00048],[102425.72,0.00156],[102425.34,0.00201],[102425.27,0.00012],[102425.26,0.01204],[102424.93,0.00012]],"asks":[[102437.31,5.50833],[102437.39,0.00018],[102438.13,0.00012],[102438.14,0.01672],[102438.16,0.00012],[102438.17,0.17915],[102438.2,0.01032],[102438.21,0.075],[102438.27,0.00152],[102438.5,0.00255],[102438.58,5e-05],[102439.03,5e-05],[102439.19,0.00012],[102439.2,0.32224],[102440.14,0.02006],[102440.73,6e-05],[102440.74,0.04006],[102440.99,0.05901],[102441.22,0.01184],[102442.01,0.0001]]},"raw":{}}
{"exchange":"binance","instance_id":"A","symbol":"BTC-USD","event_ts":1762349860.514,"seq":79830785481,"depth":{"last_seq":79830785481,"bids":[[102437.3,0.97678],[102437.29,0.00055],[102437.23,0.0001],[102434.41,0.00012],[102434.4,0.01532],[102433.07,0.00049],[102430.3,5e-05],[102429.79,0.00012],[102429.78,0.03145],[102429.77,0.10059],[102429.22,0.00108],[102428.46,0.00098],[102426.2,0.00255],[102425.94,0.00048],[102425.72,0.00156],[102425.34,0.00201],[102425.27,0.00012],[102425.26,0.01204],[102424.93,0.00012],[102424.92,0.31076]],"asks":[[102437.31,5.46833],[102437.39,0.00018],[102438.13,0.00012],[102438.14,0.01672],[102438.16,0.00012],[102438.17,0.17915],[102438.2,0.01032],[102438.21,0.075],[102438.27,0.00152],[102438.5,0.00255],[102438.58,5e-05],[102439.03,5e-05],[102439.19,0.00012],[102439.2,0.32224],[102440.14,0.02006],[102440.73,6e-05],[102440.74,0.04006],[102440.99,0.05901],[102441.22,0.01184],[102442.01,0.0001]]},"raw":{}}
{"exchange":"binance","instance_id":"A","symbol":"BTC-USD","event_ts":1762349860.614,"seq":79830785488,"depth":{"last_seq":79830785488,"bids":[[102437.3,0.97747],[102437.29,0.00055],[102437.23,0.0001],[102434.41,0.00012],[102434.4,0.01532],[102433.07,0.00049],[102430.3,5e-05],[102429.79,0.00012],[102429.78,0.03145],[102429.77,0.10059],[102429.22,0.00108],[102428.46,0.00098],[102426.2,0.00255],[102425.94,0.00048],[102425.72,0.00156],[102425.34,0.00201],[102425.27,0.00012],[102425.26,0.01204],[102424.93,0.00012],[102424.92,0.31076]],"asks":[[102437.31,5.46833],[102437.39,0.00018],[102438.13,0.00012],[102438.14,0.01672],[102438.16,0.00012],[102438.17,0.17915],[102438.2,0.01032],[102438.21,0.075],[102438.27,0.00152],[102438.5,0.00255],[102438.58,5e-05],[102439.03,5e-05],[102439.19,0.00012],[102439.2,0.32224],[102440.14,0.02006],[102440.73,6e-05],[102440.74,0.04006],[102440.99,0.05901],[102441.22,0.01184],[102442.01,0.0001]]},"raw":{}}
{"exchange":"binance","instance_id":"A","symbol":"BTC-USD","event_ts":1762349860.714,"seq":79830785505,"depth":{"last_seq":79830785505,"bids":[[102437.3,0.97747],[102437.29,0.00055],[102437.23,0.0001],[102434.41,0.00012],[102434.4,0.01532],[102433.07,0.00049],[102430.3,5e-05],[102429.79,0.00012],[102429.78,0.03145],[102429.77,0.10059],[102429.22,0.00108],[102428.46,0.00098],[102426.2,0.00255],[102425.94,0.00048],[102425.72,0.00156],[102425.34,0.00201],[102425.27,0.00012],[102425.26,0.01204],[102424.93,0.00012],[102424.92,0.31076]],"asks":[[102437.31,5.46833],[102437.39,0.00018],[102438.13,0.00012],[102438.14,0.01672],[102438.16,0.00012],[102438.17,0.17915],[102438.2,0.01032],[102438.21,0.075],[102438.27,0.00152],[102438.5,0.00255],[102438.58,5e-05],[102439.03,5e-05],[102439.19,0.00012],[102439.2,0.32224],[102440.14,0.02006],[102440.73,6e-05],[102440.74,0.04006],[102440.99,0.05901],[102441.22,0.01184],[102442.01,0.0001]]},"raw":{}}
{"exchange":"binance","instance_id":"A","symbol":"BTC-USD","event_ts":1762349860.814,"seq":79830785517,"depth":{"last_seq":79830785517,"bids":[[102437.3,1.12294],[102437.29,0.00055],[102437.23,0.0001],[102434.41,0.00012],[102434.4,0.01532],[102433.07,0.00049],[102430.3,5e-05],[102429.79,0.00012],[102429.78,0.03145],[102429.77,0.10059],[102429.22,0.00108],[102428.46,0.00098],[102426.2,0.00255],[102425.94,0.00048],[102425.72,0.00156],[102425.34,0.00201],[102425.27,0.00012],[102425.26,0.01204],[102424.93,0.00012],[102424.92,0.31076]],"asks":[[102437.31,5.24995],[102437.39,0.00018],[102438.13,0.00012],[102438.14,0.01672],[102438.16,0.00012],[102438.17,0.17915],[102438.2,0.01032],[102438.21,0.075],[102438.27,0.00152],[102438.5,5e-05],[102438.58,5e-05],[102439.03,5e-05],[102439.19,0.00012],[102439.2,0.32224],[102440.14,0.02006],[102440.73,6e-05],[102440.74,0.04006],[102440.99,0.05901],[102441.22,0.01184],[102442.01,0.0001]]},"raw":{}}
{"exchange":"binance","instance_id":"A","symbol":"BTC-USD","event_ts":1762349860.914,"seq":79830785531,"depth":{"last_seq":79830785531,"bids":[[102437.3,0.97484],[102437.29,0.00055],[102437.23,0.0001],[102434.41,0.00012],[102434.4,0.01532],[102433.07,0.00049],[102430.3,5e-05],[102429.79,0.00012],[102429.78,0.03145],[102429.77,0.00297],[102429.22,0.00108],[102428.46,0.00098],[102427.99,0.09762],[102426.2,0.00255],[102425.94,0.00048],[102425.72,0.00156],[102425.34,0.00201],[102425.27,0.00012],[102425.26,0.01204],[102424.93,0.00012]],"asks":[[102437.31,5.22217],[102437.39,0.00018],[102438.13,0.00012],[102438.14,0.01672],[102438.16,0.00012],[102438.17,0.17915],[102438.2,0.01032],[102438.21,0.075],[102438.27,0.00147],[102438.5,5e-05],[102438.58,5e-05],[102439.03,5e-05],[102439.19,0.00012],[102439.2,0.32224],[102440.14,0.02006],[102440.73,6e-05],[102440.74,0.04006],[102440.99,0.05901],[102441.22,0.01184],[102442.01,0.0001]]},"raw":{}}
{"exchange":"binance","instance_id":"A","symbol":"BTC-USD","event_ts":1762349861.014,"seq":79830785550,"depth":{"last_seq":79830785550,"bids":[[102437.3,0.97484],[102437.29,0.00055],[102437.23,0.0001],[102434.41,0.00012],[102434.4,0.01532],[102433.07,0.00049],[102430.3,5e-05],[102429.79,0.00012],[102429.78,0.03139],[102429.77,0.00285],[102429.22,0.00113],[102428.46,0.00098],[102428.0,6e-05],[102427.99,0.09774],[102426.2,0.00255],[102425.94,0.00048],[102425.72,0.00156],[102425.34,0.00201],[102425.27,0.00012],[102425.26,0.01204]],"asks":[[102437.31,5.22217],[102437.39,0.00018],[102438.13,0.00012],[102438.14,0.01672],[102438.16,0.00012],[102438.17,0.17915],[102438.2,0.01032],[102438.21,0.075],[102438.27,0.00147],[102438.5,5e-05],[102438.58,5e-05],[102439.03,5e-05],[102439.19,0.00012],[102439.2,0.32224],[102440.14,0.02006],[102440.73,6e-05],[102440.74,0.04006],[102440.99,0.05901],[102441.22,0.01184],[102442.01,0.0001]]},"raw":{}}
{"exchange":"binance","instance_id":"A","symbol":"BTC-USD","event_ts":1762349861.114,"seq":79830785560,"depth":{"last_seq":79830785560,"bids":[[102437.3,0.97484],[102437.29,0.00055],[102437.23,0.0001],[102434.41,0.00012],[102434.4,0.01532],[102433.07,0.00049],[102430.3,5e-05],[102429.79,0.00012],[102429.78,0.03139],[102429.77,0.00285],[102429.22,0.00113],[102428.46,0.00098],[102428.0,6e-05],[102427.99,0.09774],[102426.2,0.00255],[102425.94,0.00048],[102425.72,0.00156],[102425.34,0.00201],[102425.27,0.00012],[102425.26,0.01204]],"asks":[[102437.31,5.40569],[102437.39,0.00018],[102438.13,0.00012],[102438.14,0.01672],[102438.16,0.00012],[102438.17,0.17915],[102438.2,0.01032],[102438.21,0.075],[102438.27,0.00147],[102438.5,5e-05],[102438.58,5e-05],[102439.03,5e-05],[102439.19,0.00012],[102439.2,0.32224],[102440.14,0.02006],[102440.73,6e-05],[102440.74,0.04006],[102440.99,0.05901],[102441.22,0.01184],[102442.01,0.0001]]},"raw":{}}
{"exchange":"binance","instance_id":"A","symbol":"BTC-USD","event_ts":1762349861.214,"seq":79830785575,"depth":{"last_seq":79830785575,"bids":[[102437.3,0.97415],[102437.29,0.00055],[102437.23,0.0001],[102434.41,0.00012],[102434.4,0.01532],[102433.07,0.00049],[102430.3,5e-05],[102429.79,0.00012],[102429.78,0.03139],[102429.77,0.00285],[102429.22,0.00113],[102428.46,0.00098],[102428.0,6e-05],[102427.99,0.00012],[102426.2,0.00255],[102425.94,0.00048],[102425.87,0.09762],[102425.72,0.00156],[102425.34,0.00201],[102425.27,0.00012]],"asks":[[102437.31,5.40564],[102437.39,0.00018],[102438.13,0.00012],[102438.14,0.01672],[102438.16,0.00012],[102438.17,0.17915],[102438.2,0.01032],[102438.21,0.075],[102438.27,0.00147],[102438.5,0.00255],[102438.58,5e-05],[102439.03,5e-05],[102439.19,0.00012],[102439.2,0.32224],[102440.14,0.02006],[102440.73,6e-05],[102440.74,0.04006],[102440.99,0.05901],[102441.22,0.01184],[102442.01,0.0001]]},"raw":{}}
{"exchange":"binance","instance_id":"A","symbol":"BTC-USD","event_ts":1762349861.314,"seq":79830785608,"depth":{"last_seq":79830785608,"bids":[[102437.3,0.97429],[102437.29,0.00055],[102437.23,0.0001],[102434.41,0.00012],[102434.4,0.01532],[102433.07,0.00049],[102430.3,5e-05],[102429.79,0.00012],[102429.78,0.00012],[102429.77,0.00285],[102429.22,0.00108],[102428.46,0.00098],[102426.2,0.0026],[102425.94,0.00048],[102425.88,6e-05],[102425.87,0.09774],[102425.72,0.00156],[102425.34,0.00201],[102425.27,0.00012],[102425.26,0.01204]],"asks":[[102437.31,5.29967],[102437.39,0.00018],[102438.13,0.00012],[102438.14,0.01672],[102438.16,0.00012],[102438.17,0.17915],[102438.2,0.01032],[102438.21,0.075],[102438.27,0.00152],[102438.5,0.00255],[102438.58,5e-05],[102439.03,5e-05],[102439.19,0.00012],[102439.2,0.32224],[102440.14,0.02006],[102440.73,6e-05],[102440.74,0.04006],[102440.99,0.05901],[102441.22,0.01184],[102442.01,0.0001]]},"raw":{}}
{"exchange":"binance","instance_id":"A","symbol":"BTC-USD","event_ts":1762349861.414,"seq":79830785644,"depth":{"last_seq":79830785644,"bids":[[102437.3,0.97424],[102437.29,0.0005],[102437.23,0.0001],[102434.41,0.00012],[102434.4,0.01527],[102433.07,0.00049],[102430.3,5e-05],[102429.77,0.00285],[102429.22,0.00108],[102428.46,0.00098],[102426.2,0.0026],[102425.94,0.00048],[102425.88,0.00012],[102425.87,0.00012],[102425.72,0.00156],[102425.34,0.00201],[102425.27,0.00012],[102425.26,0.00012],[102424.93,0.00012],[102424.92,0.00012]],"asks":[[102437.31,5.29967],[102437.39,0.00018],[102438.13,0.00012],[102438.14,0.01672],[102438.16,0.00012],[102438.17,0.17915],[102438.2,0.01032],[102438.21,0.075],[102438.27,0.00152],[102438.5,0.00255],[102438.58,5e-05],[102439.03,5e-05],[102439.19,0.00012],[102439.2,0.32224],[102440.14,0.02006],[102440.73,6e-05],[102440.74,0.04006],[102440.99,0.05901],[102441.22,0.01184],[102442.01,0.0001]]},"raw":{}}
{"exchange":"binance","instance_id":"A","symbol":"BTC-USD","event_ts":1762349861.514,"seq":79830785739,"depth":{"last_seq":79830785739,"bids":[[102437.3,0.97434],[102437.29,0.0005],[102437.23,0.0001],[102434.41,0.00012],[102434.4,0.01527],[102433.07,0.00049],[102430.3,5e-05],[102429.77,0.00285],[102429.22,0.00108],[102428.46,0.00098],[102426.2,5e-05],[102425.94,0.00048],[102425.72,0.00156],[102425.34,0.00196],[102424.88,0.00012],[102424.87,0.10715],[102424.28,0.00012],[102424.27,0.00012],[102424.1,5e-05],[102423.91,0.09762]],"asks":[[102437.31,5.29919],[102437.39,0.00018],[102438.13,0.00012],[102438.14,0.01672],[102438.16,0.00012],[102438.17,0.17915],[102438.2,0.01032],[102438.21,0.075],[102438.27,0.00152],[102438.5,0.00255],[102438.58,5e-05],[102439.03,5e-05],[102439.19,0.00012],[102439.2,0.32224],[102440.14,0.02006],[102440.73,6e-05],[102440.74,0.04006],[102440.99,0.05901],[102441.22,0.01184],[102442.01,0.0001]]},"raw":{}}
{"exchange":"binance","instance_id":"A","symbol":"BTC-USD","event_ts":1762349861.614,"seq":79830785799,"depth":{"last_seq":79830785799,"bids":[[102437.3,0.97429],[102437.29,0.00055],[102437.23,0.0001],[102434.41,0.00012],[102434.4,0.01527],[102433.07,0.00049],[102430.3,5e-05],[102429.77,0.00285],[102429.22,0.00103],[102428.46,0.00098],[102426.2,5e-05],[102425.94,0.00048],[102425.72,0.00156],[102425.34,0.00196],[102425.26,0.01196],[102424.88,0.00012],[102424.87,0.10715],[102424.1,5e-05],[102423.92,0.1767],[102423.91,0.09779]],"asks":[[102437.31,5.29919],[102437.39,0.00018],[102438.13,0.00012],[102438.14,0.01672],[102438.16,0.00012],[102438.17,0.17915],[102438.2,0.01032],[102438.21,0.075],[102438.27,0.00152],[102438.5,0.00255],[102438.58,5e-05],[102439.03,5e-05],[102439.19,0.00012],[102439.2,0.32224],[102440.14,0.02006],[102440.73,6e-05],[102440.74,0.04006],[102440.99,0.05901],[102441.22,0.01184],[102442.01,0.0001]]},"raw":{}}
{"exchange":"binance","instance_id":"A","symbol":"BTC-USD","event_ts":1762349861.714,"seq":79830785843,"depth":{"last_seq":79830785843,"bids":[[102437.3,0.97434],[102437.29,0.0006],[102437.23,0.0001],[102434.41,0.00012],[102434.4,0.01527],[102433.07,0.00049],[102430.3,5e-05],[102429.77,0.00285],[102429.22,0.00103],[102428.46,0.00098],[102426.2,5e-05],[102425.94,0.00048],[102425.72,0.00156],[102425.34,0.00201],[102425.27,0.00012],[102425.26,0.01208],[102424.88,0.00012],[102424.87,0.10715],[102424.1,5e-05],[102423.93,6e-05]],"asks":[[102437.31,5.29919],[102437.39,0.00273],[102438.13,0.00012],[102438.14,0.01672],[102438.16,0.00012],[102438.17,0.17915],[102438.2,0.01032],[102438.21,0.075],[102438.27,0.00152],[102438.5,0.00255],[102438.58,5e-05],[102439.03,5e-05],[102439.19,0.00012],[102439.2,0.32224],[102440.14,0.02006],[102440.73,6e-05],[102440.74,0.04006],[102440.99,0.05901],[102441.22,0.01184],[102442.01,0.0001]]},"raw":{}}
{"exchange":"binance","instance_id":"A","symbol":"BTC-USD","event_ts":1762349861.814,"seq":79830785864,"depth":{"last_seq":79830785864,"bids":[[102437.3,0.97434],[102437.29,0.0006],[102437.23,0.0001],[102434.41,0.00012],[102434.4,0.01527],[102433.07,0.00049],[102430.3,5e-05],[102429.77,0.00285],[102429.22,0.00103],[102428.46,0.00098],[102426.2,5e-05],[102425.94,0.00048],[102425.72,0.00156],[102425.34,0.00201],[102425.27,0.00012],[102425.26,0.01208],[102424.88,0.00012],[102424.87,0.10715],[102424.1,5e-05],[102423.93,6e-05]],"asks":[[102437.31,5.29934],[102437.39,0.00293],[102438.13,0.00012],[102438.14,0.01672],[102438.16,0.00012],[102438.17,0.17905],[102438.2,0.01032],[102438.21,0.0749],[102438.27,0.00152],[102438.5,0.00255],[102438.58,5e-05],[102439.03,5e-05],[102439.19,0.00012],[102439.2,0.32224],[102440.14,0.02006],[102440.73,6e-05],[102440.74,0.04006],[102440.99,0.05901],[102441.22,0.01184],[102442.01,0.0001]]},"raw":{}}
{"exchange":"binance","instance_id":"A","symbol":"BTC-USD","event_ts":1762349861.914,"seq":79830785875,"depth":{"last_seq":79830785875,"bids":[[102437.3,0.97434],[102437.29,0.0006],[102437.23,0.0001],[102434.41,0.00012],[102434.4,0.01527],[102433.07,0.00049],[102430.3,5e-05],[102429.77,0.00285],[102429.22,0.00103],[102428.46,0.00098],[102426.2,5e-05],[102425.94,0.00048],[102425.72,0.00156],[102425.34,0.00201],[102425.27,0.00012],[102425.26,0.01208],[102424.88,0.00012],[102424.87,0.10715],[102424.1,5e-05],[102423.93,6e-05]],"asks":[[102437.31,5.25051],[102437.39,0.00293],[102438.13,0.00012],[102438.14,0.01672],[102438.16,0.00012],[102438.17,0.17905],[102438.2,0.01032],[102438.21,0.0749],[102438.27,0.00152],[102438.5,0.00255],[102438.58,5e-05],[102439.03,5e-05],[102439.19,0.00012],[102439.2,0.32224],[102440.14,0.02006],[102440.73,6e-05],[102440.74,0.04006],[102440.99,0.05901],[102441.22,0.01184],[102442.01,0.0001]]},"raw":{}}
{"exchange":"binance","instance_id":"A","symbol":"BTC-USD","event_ts":1762349862.014,"seq":79830785885,"depth":{"last_seq":79830785885,"bids":[[102437.3,0.97434],[102437.29,0.0006],[102437.23,0.0001],[102434.41,0.00012],[102434.4,0.01527],[102433.07,0.00049],[102430.3,5e-05],[102429.77,0.00285],[102429.22,0.00103],[102428.46,0.00098],[102426.2,5e-05],[102425.94,0.00048],[102425.72,0.00156],[102425.34,0.00201],[102425.27,0.00012],[102425.26,0.01208],[102424.88,0.00012],[102424.87,0.10715],[102424.1,5e-05],[102423.93,6e-05]],"asks":[[102437.31,5.25051],[102437.39,0.00293],[102438.13,0.00012],[102438.14,0.01672],[102438.16,0.00012],[102438.17,0.17905],[102438.2,0.01027],[102438.21,0.0749],[102438.27,0.00152],[102438.5,0.00255],[102438.58,5e-05],[102439.03,5e-05],[102439.19,0.00012],[102439.2,0.32224],[102440.14,0.02006],[102440.73,6e-05],[102440.74,0.04006],[102440.99,0.05901],[102441.22,0.01184],[102442.01,0.0001]]},"raw":{}}
{"exchange":"binance","instance_id":"A","symbol":"BTC-USD","event_ts":1762349862.114,"seq":79830785897,"depth":{"last_seq":79830785897,"bids":[[102437.3,0.97434],[102437.29,0.0006],[102437.23,0.0001],[102434.41,0.00012],[102434.4,0.01527],[102433.07,0.00049],[102430.3,5e-05],[102429.77,0.00285],[102429.22,0.00103],[102428.46,0.00098],[102426.2,5e-05],[102425.94,0.00048],[102425.72,0.00156],[102425.34,0.00201],[102425.27,0.00012],[102425.26,0.01208],[102424.88,0.00012],[102424.87,0.10715],[102424.1,5e-05],[102423.93,6e-05]],"asks":[[102437.31,5.25212],[102437.39,0.00293],[102438.13,0.00012],[102438.14,0.01672],[102438.16,0.00012],[102438.17,0.17905],[102438.2,0.01027],[102438.21,0.0749],[102438.27,0.00152],[102438.5,0.00255],[102438.58,5e-05],[102439.03,5e-05],[102439.19,0.00012],[102439.2,0.32224],[102440.14,0.02006],[102440.73,6e-05],[102440.74,0.04006],[102440.99,0.05901],[102441.22,0.01184],[102442.01,0.0001]]},"raw":{}}
{"exchange":"binance","instance_id":"A","symbol":"BTC-USD","event_ts":1762349862.214,"seq":79830785935,"depth":{"last_seq":79830785935,"bids":[[102437.3,0.97411],[102437.29,0.00055],[102437.23,0.0001],[102434.41,0.00012],[102434.4,0.01527],[102433.07,0.00049],[102430.3,5e-05],[102429.77,0.00285],[102429.22,0.00103],[102428.46,0.00098],[102426.2,5e-05],[102425.94,0.00048],[102425.72,0.00156],[102425.34,0.00201],[102425.27,0.00012],[102425.26,0.01208],[102424.88,0.00012],[102424.87,0.1071],[102424.1,5e-05],[102423.93,0.00012]],"asks":[[102437.31,5.14443],[102437.39,0.00293],[102438.13,0.00012],[102438.14,0.01672],[102438.16,0.00012],[102438.17,0.17905],[102438.2,0.01027],[102438.21,0.0749],[102438.27,0.00152],[102438.5,0.00255],[102438.58,5e-05],[102439.03,5e-05],[102439.19,0.00012],[102439.2,0.32224],[102440.14,0.02006],[102440.73,6e-05],[102440.74,0.04006],[102440.99,0.05901],[102441.22,0.01184],[102442.01,0.0001]]},"raw":{}}
{"exchange":"binance","instance_id":"A","symbol":"BTC-USD","event_ts":1762349862.314,"seq":79830785948,"depth":{"last_seq":79830785948,"bids":[[102437.3,0.97418],[102437.29,0.00055],[102437.23,0.0001],[102434.41,0.00012],[102434.4,0.01527],[102433.08,0.7164],[102433.07,0.00049],[102430.3,5e-05],[102429.77,0.00285],[102429.22,0.00103],[102428.46,0.00098],[102426.2,5e-05],[102425.94,0.00048],[102425.72,0.00156],[102425.34,0.00201],[102425.27,0.00012],[102425.26,0.01208],[102424.88,0.00012],[102424.87,0.1071],[102424.1,5e-05]],"asks":[[102437.31,5.14443],[102437.39,0.00293],[102438.13,0.00012],[102438.14,0.01672],[102438.16,0.00012],[102438.17,0.17905],[102438.2,0.01027],[102438.21,0.0749],[102438.27,0.00152],[102438.5,0.00255],[102438.58,5e-05],[102439.03,5e-05],[102439.19,0.00012],[102439.2,0.32224],[102440.14,0.02006],[102440.73,6e-05],[102440.74,0.04006],[102440.99,0.05901],[102441.22,0.01184],[102442.01,0.0001]]},"raw":{}}
{"exchange":"binance","instance_id":"A","symbol":"BTC-USD","event_ts":1762349862.414,"seq":79830785979,"depth":{"last_seq":79830785979,"bids":[[102437.3,0.97491],[102437.29,0.0006],[102437.23,0.0001],[102434.41,0.00012],[102434.4,0.01527],[102433.09,0.00012],[102433.08,6e-05],[102433.07,0.00049],[102430.3,5e-05],[102429.77,0.00285],[102429.22,0.00103],[102428.46,0.00098],[102426.2,5e-05],[102425.94,0.00048],[102425.72,0.00156],[102425.34,0.00201],[102425.26,0.01208],[102424.88,0.00012],[102424.87,0.1071],[102424.1,5e-05]],"asks":[[102437.31,5.05437],[102437.39,0.00293],[102438.13,0.00012],[102438.14,0.01672],[102438.16,0.00012],[102438.17,0.17905],[102438.2,0.01027],[102438.21,0.0749],[102438.27,0.00152],[102438.5,0.00255],[102438.58,5e-05],[102439.03,5e-05],[102439.19,0.00012],[102439.2,0.32224],[102440.14,0.02006],[102440.73,6e-05],[102440.74,0.04006],[102440.99,0.05901],[102441.22,0.01184],[102442.01,0.0001]]},"raw":{}}
{"exchange":"binance","instance_id":"A","symbol":"BTC-USD","event_ts":1762349862.514,"seq":79830786009,"depth":{"last_seq":79830786009,"bids":[[102437.3,0.97418],[102437.29,0.00055],[102437.23,0.0001],[102434.41,0.00012],[102434.4,0.01527],[102433.07,0.00049],[102430.3,5e-05],[102429.81,0.09762],[102429.77,0.00285],[102429.22,0.00103],[102428.46,0.00098],[102426.2,5e-05],[102425.94,0.00048],[102425.72,0.00156],[102425.34,0.00201],[102425.27,0.00012],[102425.26,0.01208],[102424.88,0.00012],[102424.87,0.1071],[102424.1,5e-05]],"asks":[[102437.31,5.13739],[102437.39,0.00293],[102438.13,0.00012],[102438.14,0.01672],[102438.16,0.00012],[102438.17,0.17905],[102438.2,0.01027],[102438.21,0.0749],[102438.27,0.00152],[102438.5,0.00255],[102438.58,5e-05],[102439.03,5e-05],[102439.19,0.00012],[102439.2,0.32224],[102440.14,0.02006],[102440.73,6e-05],[102440.74,0.04006],[102440.99,0.05901],[102441.22,0.01184],[102442.01,0.0001]]},"raw":{}}
{"exchange":"binance","instance_id":"A","symbol":"BTC-USD","event_ts":1762349862.614,"seq":79830786030,"depth":{"last_seq":79830786030,"bids":[[102437.3,0.97418],[102437.29,0.00055],[102437.23,0.0001],[102434.41,0.00012],[102434.4,0.01532],[102433.07,0.00049],[102430.3,5e-05],[102429.82,0.03132],[102429.81,0.09768],[102429.77,0.00285],[102429.22,0.00103],[102428.46,0.00098],[102426.2,5e-05],[102425.94,0.00048],[102425.72,0.00156],[102425.34,0.00201],[102425.27,0.00012],[102425.26,0.01208],[102424.88,0.00012],[102424.87,0.1071]],"asks":[[102437.31,5.29361],[102437.39,0.00293],[102438.13,0.00012],[102438.14,0.01672],[102438.16,0.00012],[102438.17,0.17905],[102438.2,0.01027],[102438.21,0.0749],[102438.27,0.00152],[102438.5,0.00255],[102438.58,5e-05],[102439.03,5e-05],[102439.19,0.00012],[102439.2,0.32224],[102440.14,0.02006],[102440.73,6e-05],[102440.74,0.04006],[102440.99,0.05901],[102441.22,0.01184],[102442.01,0.0001]]},"raw":{}}
{"exchange":"binance","instance_id":"A","symbol":"BTC-USD","event_ts":1762349862.714,"seq":79830786050,"depth":{"last_seq":79830786050,"bids":[[102437.3,0.97423],[102437.29,0.0006],[102437.23,0.0001],[102434.41,0.00012],[102434.4,0.01537],[102433.07,0.00049],[102430.3,5e-05],[102429.83,0.00012],[102429.82,0.03144],[102429.81,0.09768],[102429.77,0.00285],[102429.22,0.00103],[102428.46,0.00098],[102426.2,5e-05],[102425.94,0.00048],[102425.72,0.00156],[102425.34,0.00201],[102425.27,0.00012],[102425.26,0.01208],[102424.88,0.00012]],"asks":[[102437.31,5.29361],[102437.39,0.00293],[102438.13,0.00012],[102438.14,0.01672],[102438.16,0.00012],[102438.17,0.17905],[102438.2,0.01027],[102438.21,0.0749],[102438.27,0.00152],[102438.5,0.00255],[102438.58,5e-05],[102439.03,5e-05],[102439.19,0.00012],[102439.2,0.32224],[102440.14,0.02006],[102440.73,6e-05],[102440.74,0.04006],[102440.99,0.05901],[102441.22,0.01184],[102442.01,0.0001]]},"raw":{}}
{"exchange":"binance","instance_id":"A","symbol":"BTC-USD","event_ts":1762349862.814,"seq":79830786056,"depth":{"last_seq":79830786056,"bids":[[102437.3,0.97423],[102437.29,0.0006],[102437.23,0.0001],[102434.41,0.00012],[102434.4,0.01537],[102433.07,0.00049],[102430.3,5e-05],[102429.83,0.00012],[102429.82,0.03144],[102429.81,0.09768],[102429.77,0.00285],[102429.22,0.00103],[102428.46,0.00098],[102426.2,5e-05],[102425.94,0.00048],[102425.72,0.00156],[102425.34,0.00201],[102425.27,0.00012],[102425.26,0.01208],[102424.88,0.00012]],"asks":[[102437.31,5.29361],[102437.39,0.00293],[102438.13,0.00012],[102438.14,0.01672],[102438.16,0.00012],[102438.17,0.17905],[102438.2,0.01027],[102438.21,0.0749],[102438.27,0.00152],[102438.5,0.00255],[102438.58,5e-05],[102439.03,5e-05],[102439.19,0.00012],[102439.2,0.32224],[102440.14,0.02006],[102440.73,6e-05],[102440.74,0.04006],[102440.99,0.05901],[102441.22,0.01184],[102442.01,0.0001]]},"raw":{}}
{"exchange":"binance","instance_id":"A","symbol":"BTC-USD","event_ts":1762349862.914,"seq":79830786062,"depth":{"last_seq":79830786062,"bids":[[102437.3,0.97423],[102437.29,0.0006],[102437.23,0.0001],[102434.41,0.00012],[102434.4,0.01537],[102433.07,0.00049],[102430.3,5e-05],[102429.83,0.00012],[102429.82,0.03144],[102429.81,0.09768],[102429.77,0.00285],[102429.22,0.00103],[102428.46,0.00098],[102426.2,0.00255],[102425.94,0.00048],[102425.72,0.00156],[102425.34,0.00201],[102425.27,0.00012],[102425.26,0.01208],[102424.88,0.00012]],"asks":[[102437.31,5.29361],[102437.39,0.00293],[102438.13,0.00012],[102438.14,0.01672],[102438.16,0.00012],[102438.17,0.17905],[102438.2,0.01027],[102438.21,0.0749],[102438.27,0.00152],[102438.5,0.00255],[102438.58,5e-05],[102439.03,5e-05],[102439.19,0.00012],[102439.2,0.32224],[102440.14,0.02006],[102440.73,6e-05],[102440.74,0.04006],[102440.99,0.05901],[102441.22,0.01184],[102442.01,0.0001]]},"raw":{}}
{"exchange":"binance","instance_id":"A","symbol":"BTC-USD","event_ts":1762349863.014,"seq":79830786073,"depth":{"last_seq":79830786073,"bids":[[102437.3,0.90487],[102437.29,0.00055],[102437.23,0.0001],[102434.41,0.00012],[102434.4,0.01537],[102433.07,0.00049],[102430.3,5e-05],[102429.83,0.00012],[102429.82,0.03144],[102429.81,0.09768],[102429.77,0.00285],[102429.22,0.00108],[102428.46,0.00098],[102426.2,0.00255],[102425.94,0.00048],[102425.72,0.00156],[102425.34,0.00201],[102425.27,0.00012],[102425.26,0.01208],[102424.88,0.00012]],"asks":[[102437.31,5.34252],[102437.39,0.00293],[102438.13,0.0065],[102438.14,0.01672],[102438.16,0.00012],[102438.17,0.17905],[102438.2,0.01027],[102438.21,0.0749],[102438.27,0.00152],[102438.5,0.00255],[102438.58,5e-05],[102439.03,5e-05],[102439.19,0.00012],[102439.2,0.32224],[102440.14,0.02006],[102440.73,6e-05],[102440.74,0.04006],[102440.99,0.05901],[102441.22,0.01184],[102442.01,0.0001]]},"raw":{}}
{"exchange":"binance","instance_id":"A","symbol":"BTC-USD","event_ts":1762349863.114,"seq":79830786096,"depth":{"last_seq":79830786096,"bids":[[102437.3,0.90487],[102437.29,0.00055],[102437.23,0.0001],[102434.41,0.00012],[102434.4,0.01537],[102433.07,0.00049],[102430.3,5e-05],[102429.83,0.00012],[102429.82,0.0315],[102429.81,0.09768],[102429.77,0.00285],[102429.22,0.00108],[102428.46,0.00098],[102426.2,0.00255],[102425.94,0.00048],[102425.72,0.00156],[102425.34,0.00201],[102425.27,0.00012],[102425.26,0.01208],[102424.88,0.00012]],"asks":[[102437.31,5.34252],[102437.39,0.00293],[102438.13,0.00676],[102438.14,0.01662],[102438.16,0.00012],[102438.17,0.17905],[102438.2,0.01017],[102438.21,0.0749],[102438.27,0.00152],[102438.5,0.00255],[102438.58,5e-05],[102439.03,5e-05],[102439.19,0.00012],[102439.2,0.32224],[102440.14,0.02006],[102440.74,0.04006],[102440.99,0.05901],[102441.22,0.01178],[102442.01,0.0001],[102442.23,0.04101]]},"raw":{}}
{"exchange":"binance","instance_id":"A","symbol":"BTC-USD","event_ts":1762349863.214,"seq":79830786105,"depth":{"last_seq":79830786105,"bids":[[102437.3,0.90487],[102437.29,0.00055],[102437.23,0.0001],[102434.41,0.00012],[102434.4,0.01537],[102433.07,0.00049],[102430.3,5e-05],[102429.83,0.00012],[102429.82,0.0315],[102429.81,0.09768],[102429.77,0.00285],[102429.22,0.00108],[102428.46,0.00098],[102426.2,0.00255],[102425.94,0.00048],[102425.72,0.00156],[102425.34,0.00201],[102425.27,0.00012],[102425.26,0.01208],[102424.88,0.00012]],"asks":[[102437.31,5.33116],[102437.39,0.00293],[102438.13,0.00676],[102438.14,0.01662],[102438.16,0.00012],[102438.17,0.17905],[102438.2,0.01017],[102438.21,0.0749],[102438.27,0.00152],[102438.5,0.00255],[102438.58,5e-05],[102439.03,5e-05],[102439.19,0.00012],[102439.2,0.32224],[102440.14,0.02006],[102440.74,0.04006],[102440.99,0.05901],[102441.22,0.01178],[102442.01,0.0001],[102442.23,0.04101]]},"raw":{}}
{"exchange":"binance","instance_id":"A","symbol":"BTC-USD","event_ts":1762349863.314,"seq":79830786110,"depth":{"last_seq":79830786110,"bids":[[102437.3,0.90487],[102437.29,0.00055],[102437.23,0.0001],[102434.41,0.00012],[102434.4,0.01537],[102433.07,0.00049],[102430.3,5e-05],[102429.83,0.00012],[102429.82,0.0315],[102429.81,0.09768],[102429.77,0.00285],[102429.22,0.00108],[102428.46,0.00098],[102426.2,0.00255],[102425.94,0.00048],[102425.72,0.00156],[102425.34,0.00201],[102425.27,0.00012],[102425.26,0.01208],[102424.88,0.00012]],"asks":[[102437.31,5.17636],[102437.39,0.00293],[102438.13,0.00676],[102438.14,0.01662],[102438.16,0.00012],[102438.17,0.17905],[102438.2,0.01017],[102438.21,0.0749],[102438.27,0.00152],[102438.5,0.00255],[102438.58,5e-05],[102439.03,5e-05],[102439.19,0.00012],[102439.2,0.32224],[102440.14,0.02006],[102440.74,0.04006],[102440.99,0.05901],[102441.22,0.01178],[102442.01,0.0001],[102442.23,0.04101]]},"raw":{}}
{"exchange":"binance","instance_id":"A","symbol":"BTC-USD","event_ts":1762349863.414,"seq":79830786113,"depth":{"last_seq":79830786113,"bids":[[102437.3,0.90491],[102437.29,0.00055],[102437.23,0.0001],[102434.41,0.00012],[102434.4,0.01537],[102433.07,0.00049],[102430.3,5e-05],[102429.83,0.00012],[102429.82,0.0315],[102429.81,0.09768],[102429.77,0.00285],[102429.22,0.00108],[102428.46,0.00098],[102426.2,0.00255],[102425.94,0.00048],[102425.72,0.00156],[102425.34,0.00201],[102425.27,0.00012],[102425.26,0.01208],[102424.88,0.00012]],"asks":[[102437.31,5.17636],[102437.39,0.00293],[102438.13,0.00676],[102438.14,0.01662],[102438.16,0.00012],[102438.17,0.17905],[102438.2,0.01017],[102438.21,0.0749],[102438.27,0.00152],[102438.5,0.00255],[102438.58,5e-05],[102439.03,5e-05],[102439.19,0.00012],[102439.2,0.32224],[102440.14,0.02006],[102440.74,0.04006],[102440.99,0.05901],[102441.22,0.01178],[102442.01,0.0001],[102442.23,0.04101]]},"raw":{}}
{"exchange":"binance","instance_id":"A","symbol":"BTC-USD","event_ts":1762349863.514,"seq":79830786121,"depth":{"last_seq":79830786121,"bids":[[102437.3,0.90491],[102437.29,0.00055],[102437.23,0.0001],[102434.41,0.00012],[102434.4,0.01537],[102433.07,0.00049],[102430.3,5e-05],[102429.83,0.00012],[102429.82,0.0315],[102429.81,0.09768],[102429.77,0.00285],[102429.22,0.00108],[102428.46,0.00098],[102426.2,0.00255],[102425.94,0.00048],[102425.72,0.00156],[102425.34,0.00201],[102425.27,0.00012],[102425.26,0.01208],[102424.88,0.00012]],"asks":[[102437.31,5.17636],[102437.39,0.00293],[102438.13,0.00676],[102438.14,0.01662],[102438.16,0.00012],[102438.17,0.17905],[102438.2,0.01017],[102438.21,0.0749],[102438.27,0.00152],[102438.5,0.00255],[102438.58,5e-05],[102439.03,5e-05],[102439.19,0.00012],[102439.2,0.32224],[102440.14,0.02006],[102440.74,0.04006],[102440.99,0.05901],[102441.22,0.01178],[102442.01,0.0001],[102442.23,0.04101]]},"raw":{}}
{"exchange":"binance","instance_id":"A","symbol":"BTC-USD","event_ts":1762349863.614,"seq":79830786137,"depth":{"last_seq":79830786137,"bids":[[102437.3,0.90491],[102437.29,0.00055],[102437.23,0.0001],[102434.41,0.00012],[102434.4,0.01537],[102433.07,0.00049],[102430.3,5e-05],[102429.83,0.00012],[102429.82,0.0315],[102429.81,6e-05],[102429.77,0.00285],[102429.22,5e-05],[102428.69,0.09762],[102428.46,0.00098],[102426.2,0.00255],[102425.94,0.00048],[102425.72,0.00156],[102425.34,0.00201],[102425.27,0.00012],[102425.26,0.01208]],"asks":[[102437.31,5.17636],[102437.39,0.00293],[102438.13,0.00676],[102438.14,0.01662],[102438.16,0.00012],[102438.17,0.17905],[102438.2,0.01017],[102438.21,0.0749],[102438.27,0.00152],[102438.5,0.00255],[102438.58,5e-05],[102439.03,5e-05],[102439.19,0.00012],[102439.2,0.32224],[102440.14,0.02006],[102440.74,0.04006],[102440.99,0.05901],[102441.22,0.01178],[102442.01,0.0001],[102442.23,0.04101]]},"raw":{}}
{"exchange":"binance","instance_id":"A","symbol":"BTC-USD","event_ts":1762349863.714,"seq":79830786165,"depth":{"last_seq":79830786165,"bids":[[102437.3,0.90427],[102437.29,0.0006],[102437.23,0.0001],[102434.41,0.00012],[102434.4,0.01532],[102433.07,0.00049],[102430.3,5e-05],[102429.83,0.00012],[102429.82,0.03138],[102429.77,0.00285],[102429.22,5e-05],[102428.7,0.00012],[102428.69,6e-05],[102428.46,0.00098],[102426.92,0.09762],[102426.2,0.00255],[102425.94,0.00048],[102425.72,0.00156],[102425.34,0.00201],[102425.27,0.00012]],"asks":[[102437.31,5.17636],[102437.39,0.00298],[102438.13,0.00676],[102438.14,0.01662],[102438.16,0.00012],[102438.17,0.17905],[102438.2,0.01017],[102438.21,0.0749],[102438.27,0.00152],[102438.5,0.00255],[102438.58,5e-05],[102439.03,5e-05],[102439.19,0.00012],[102439.2,0.32224],[102440.14,0.02006],[102440.74,0.04006],[102440.99,0.05901],[102441.22,0.01178],[102442.01,0.0001],[102442.23,0.04101]]},"raw":{}}
{"exchange":"binance","instance_id":"A","symbol":"BTC-USD","event_ts":1762349863.814,"seq":79830786191,"depth":{"last_seq":79830786191,"bids":[[102437.3,0.90427],[102437.29,0.0006],[102437.23,0.0001],[102434.41,0.00012],[102434.4,0.01532],[102433.07,0.00049],[102430.3,5e-05],[102429.83,0.00012],[102429.82,0.03138],[102429.77,0.00285],[102429.22,5e-05],[102428.46,0.00098],[102426.93,0.00012],[102426.92,0.09768],[102426.2,0.00255],[102425.94,0.00048],[102425.72,0.00156],[102425.34,0.00201],[102425.27,0.00012],[102425.26,0.01208]],"asks":[[102437.31,5.1738],[102437.39,0.00298],[102438.13,0.00676],[102438.14,0.01662],[102438.16,0.00012],[102438.17,0.17905],[102438.2,0.01017],[102438.21,0.0749],[102438.27,0.00152],[102438.5,0.00255],[102438.58,5e-05],[102439.03,5e-05],[102439.19,0.00012],[102439.2,0.32224],[102440.14,0.02006],[102440.74,0.04006],[102440.99,0.05901],[102441.22,0.01178],[102442.01,0.0001],[102442.23,0.04101]]},"raw":{}}
{"exchange":"binance","instance_id":"A","symbol":"BTC-USD","event_ts":1762349863.914,"seq":79830786204,"depth":{"last_seq":79830786204,"bids":[[102437.3,0.7402],[102437.29,0.0006],[102437.23,0.0001],[102434.41,0.00012],[102434.4,0.01532],[102433.07,0.00049],[102430.3,5e-05],[102429.83,0.00012],[102429.82,0.03138],[102429.77,0.00285],[102429.22,5e-05],[102428.46,0.00098],[102426.93,0.00012],[102426.92,0.09768],[102426.2,0.00255],[102425.94,0.00048],[102425.72,0.00156],[102425.34,0.00201],[102425.27,0.00012],[102425.26,0.01208]],"asks":[[102437.31,5.32665],[102437.39,0.00298],[102438.13,0.00676],[102438.14,0.01662],[102438.16,0.00012],[102438.17,0.17905],[102438.2,0.01017],[102438.21,0.0749],[102438.27,0.00152],[102438.5,0.00255],[102438.58,5e-05],[102439.03,5e-05],[102439.19,0.00012],[102439.2,0.32224],[102440.14,0.02006],[102440.74,0.04006],[102440.99,0.05901],[102441.22,0.01178],[102442.01,0.0001],[102442.23,0.04101]]},"raw":{}}
{"exchange":"binance","instance_id":"A","symbol":"BTC-USD","event_ts":1762349864.014,"seq":79830786208,"depth":{"last_seq":79830786208,"bids":[[102437.3,0.7402],[102437.29,0.0006],[102437.23,0.0001],[102434.41,0.00012],[102434.4,0.01532],[102433.07,0.00049],[102430.3,5e-05],[102429.83,0.00012],[102429.82,0.03138],[102429.77,0.00285],[102429.22,5e-05],[102428.46,0.00098],[102426.93,0.00012],[102426.92,0.09768],[102426.2,0.00255],[102425.94,0.00048],[102425.72,0.00156],[102425.34,0.00201],[102425.27,0.00012],[102425.26,0.01208]],"asks":[[102437.31,5.32665],[102437.39,0.00298],[102438.13,0.00676],[102438.14,0.01662],[102438.16,0.00012],[102438.17,0.17905],[102438.2,0.01017],[102438.21,0.0749],[102438.27,0.00152],[102438.5,0.00255],[102438.58,5e-05],[102439.03,5e-05],[102439.19,0.00012],[102439.2,0.32224],[102440.14,0.02006],[102440.74,0.04006],[102440.99,0.05901],[102441.22,0.01178],[102442.01,0.0001],[102442.23,0.04101]]},"raw":{}}
{"exchange":"binance","instance_id":"A","symbol":"BTC-USD","event_ts":1762349864.214,"seq":79830786213,"depth":{"last_seq":79830786213,"bids":[[102437.3,0.7402],[102437.29,0.0006],[102437.23,0.0001],[102434.41,0.00012],[102434.4,0.01532],[102433.07,0.00049],[102430.3,5e-05],[102429.83,0.00012],[102429.82,0.03138],[102429.77,0.00285],[102429.22,5e-05],[102428.46,0.00098],[102426.93,0.00012],[102426.92,0.09768],[102426.2,0.00255],[102425.94,0.00048],[102425.72,0.00156],[102425.34,0.00201],[102425.27,0.00012],[102425.26,0.01208]],"asks":[[102437.31,5.32665],[102437.39,0.00298],[102438.13,0.00676],[102438.14,0.01662],[102438.16,0.00012],[102438.17,0.17905],[102438.2,0.01017],[102438.21,0.0749],[102438.27,0.00152],[102438.5,0.00255],[102438.58,5e-05],[102439.03,5e-05],[102439.19,0.00012],[102439.2,0.32224],[102440.14,0.02006],[102440.74,0.04006],[102440.99,0.05901],[102441.22,0.01178],[102442.01,0.0001],[102442.23,0.04101]]},"raw":{}}
{"exchange":"binance","instance_id":"A","symbol":"BTC-USD","event_ts":1762349864.314,"seq":79830786221,"depth":{"last_seq":79830786221,"bids":[[102437.3,0.7402],[102437.29,0.0006],[102437.23,0.0001],[102434.41,0.00012],[102434.4,0.01532],[102433.07,0.00049],[102430.3,5e-05],[102429.83,0.00012],[102429.82,0.03138],[102429.77,0.00285],[102429.22,5e-05],[102428.46,0.00098],[102426.93,0.00012],[102426.92,0.09768],[102426.2,0.00255],[102425.94,0.00048],[102425.72,0.00156],[102425.34,0.00201],[102425.27,0.00012],[102425.26,0.01208]],"asks":[[102437.31,5.32647],[102437.39,0.00298],[102438.13,0.00676],[102438.14,0.01662],[102438.16,0.00012],[102438.17,0.17905],[102438.2,0.01017],[102438.21,0.0749],[102438.27,0.00152],[102438.5,0.00255],[102438.58,5e-05],[102439.03,5e-05],[102439.19,0.00012],[102439.2,0.32224],[102440.14,0.02006],[102440.74,0.04006],[102440.99,0.05901],[102441.22,0.01178],[102442.01,0.0001],[102442.23,0.04101]]},"raw":{}}
{"exchange":"binance","instance_id":"A","symbol":"BTC-USD","event_ts":1762349864.414,"seq":79830786225,"depth":{"last_seq":79830786225,"bids":[[102437.3,0.7402],[102437.29,0.0006],[102437.23,0.0001],[102434.41,0.00012],[102434.4,0.01532],[102433.07,0.00049],[102430.3,5e-05],[102429.83,0.00012],[102429.82,0.03138],[102429.77,0.00285],[102429.22,5e-05],[102428.46,0.00098],[102426.93,0.00012],[102426.92,0.09768],[102426.2,0.00255],[102425.94,0.00048],[102425.72,0.00156],[102425.34,0.00201],[102425.27,0.00012],[102425.26,0.01208]],"asks":[[102437.31,5.32635],[102437.39,0.00298],[102438.13,0.00676],[102438.14,0.01662],[102438.16,0.00012],[102438.17,0.17905],[102438.2,0.01017],[102438.21,0.0749],[102438.27,0.00152],[102438.5,0.00255],[102438.58,5e-05],[102439.03,5e-05],[102439.19,0.00012],[102439.2,0.32224],[102440.14,0.02006],[102440.74,0.04006],[102440.99,0.05901],[102441.22,0.01178],[102442.01,0.0001],[102442.23,0.04101]]},"raw":{}}
{"exchange":"binance","instance_id":"A","symbol":"BTC-USD","event_ts":1762349864.514,"seq":79830786230,"depth":{"last_seq":79830786230,"bids":[[102437.3,0.7402],[102437.29,0.0006],[102437.23,0.0001],[102434.41,0.00012],[102434.4,0.01532],[102433.07,0.00049],[102430.3,5e-05],[102429.83,0.00012],[102429.82,0.03138],[102429.77,0.00285],[102429.22,5e-05],[102428.46,0.00098],[102426.93,0.00012],[102426.92,0.09768],[102426.2,0.00255],[102425.94,0.00048],[102425.72,0.00156],[102425.34,0.00201],[102425.27,0.00012],[102425.26,0.01208]],"asks":[[102437.31,5.32635],[102437.39,0.00298],[102438.13,0.00676],[102438.14,0.01662],[102438.16,0.00012],[102438.17,0.17905],[102438.2,0.01017],[102438.21,0.0749],[102438.27,0.00152],[102438.5,0.00255],[102438.58,5e-05],[102439.03,5e-05],[102439.19,0.00012],[102439.2,0.32224],[102440.14,0.02006],[102440.74,0.04006],[102440.99,0.05901],[102441.22,0.01178],[102442.01,0.0001],[102442.23,0.04101]]},"raw":{}}
{"exchange":"binance","instance_id":"A","symbol":"BTC-USD","event_ts":1762349864.614,"seq":79830786240,"depth":{"last_seq":79830786240,"bids":[[102437.3,0.7402],[102437.29,0.0006],[102437.23,0.0001],[102434.41,0.00012],[102434.4,0.01532],[102433.07,0.00049],[102430.3,5e-05],[102429.83,0.00012],[102429.82,0.03138],[102429.77,0.00285],[102429.22,5e-05],[102428.46,0.00098],[102426.93,0.00012],[102426.92,6e-05],[102426.2,0.00255],[102425.94,0.00048],[102425.72,0.00156],[102425.34,0.00201],[102425.27,0.00012],[102425.26,0.01208]],"asks":[[102437.31,5.32635],[102437.39,0.00298],[102438.13,0.00676],[102438.14,0.01662],[102438.16,0.00012],[102438.17,0.17905],[102438.2,0.01017],[102438.21,0.0749],[102438.27,0.00152],[102438.5,0.00255],[102438.58,5e-05],[102439.03,5e-05],[102439.19,0.00012],[102439.2,0.32224],[102440.14,0.02006],[102440.74,0.04006],[102440.99,0.05901],[102441.22,0.01178],[102442.01,0.0001],[102442.23,0.04101]]},"raw":{}}
{"exchange":"binance","instance_id":"A","symbol":"BTC-USD","event_ts":1762349864.714,"seq":79830786276,"depth":{"last_seq":79830786276,"bids":[[102437.3,0.43245],[102437.29,0.00055],[102437.23,0.0001],[102434.41,0.00012],[102434.4,0.01532],[102433.07,0.00049],[102430.3,5e-05],[102429.83,0.00012],[102429.82,0.00012],[102429.77,0.0028],[102429.22,5e-05],[102428.46,0.00098],[102426.2,5e-05],[102425.94,0.00048],[102425.72,0.00156],[102425.34,0.00201],[102425.27,0.00012],[102425.26,0.00012],[102424.88,0.00012],[102424.87,0.1071]],"asks":[[102437.31,5.32625],[102437.39,0.00298],[102438.13,0.00676],[102438.14,0.01662],[102438.16,0.00012],[102438.17,0.17905],[102438.2,0.01017],[102438.21,0.0749],[102438.27,0.00152],[102438.5,0.00255],[102438.58,5e-05],[102439.03,5e-05],[102439.19,0.00012],[102439.2,0.32224],[102440.14,0.02006],[102440.74,0.04006],[102440.99,0.05901],[102441.22,0.01178],[102442.01,0.0001],[102442.23,0.04101]]},"raw":{}}
{"exchange":"binance","instance_id":"A","symbol":"BTC-USD","event_ts":1762349864.814,"seq":79830786318,"depth":{"last_seq":79830786318,"bids":[[102437.3,0.42543],[102437.29,0.0005],[102437.23,0.0001],[102434.41,0.00012],[102434.4,0.01527],[102433.07,0.00049],[102430.3,5e-05],[102429.77,0.0028],[102428.46,0.00098],[102426.2,5e-05],[102425.94,0.00048],[102425.72,0.00156],[102425.34,0.00196],[102424.88,0.00012],[102424.87,0.1071],[102424.1,5e-05],[102423.93,0.00012],[102423.92,0.24101],[102423.51,0.00012],[102423.5,0.61204]],"asks":[[102437.31,5.32625],[102437.39,0.00298],[102438.13,0.00676],[102438.14,0.01662],[102438.16,0.00012],[102438.17,0.17905],[102438.2,0.01017],[102438.21,0.0749],[102438.27,0.00152],[102438.5,0.00255],[102438.58,5e-05],[102439.03,5e-05],[102439.19,0.00012],[102439.2,0.32224],[102440.14,0.02006],[102440.74,0.04006],[102440.99,0.05901],[102441.22,0.01178],[102442.01,0.0001],[102442.23,0.04101]]},"raw":{}}
{"exchange":"binance","instance_id":"A","symbol":"BTC-USD","event_ts":1762349864.914,"seq":79830786326,"depth":{"last_seq":79830786326,"bids":[[102437.3,0.43276],[102437.29,0.00055],[102437.23,0.0001],[102434.41,0.00012],[102434.4,0.01527],[102433.07,0.00049],[102430.3,5e-05],[102429.77,0.0028],[102428.46,0.00098],[102426.2,5e-05],[102425.94,0.00048],[102425.72,0.00156],[102425.34,0.00196],[102424.88,0.00012],[102424.87,0.1071],[102424.1,5e-05],[102423.93,0.00012],[102423.92,0.24101],[102423.51,0.00012],[102423.5,0.61204]],"asks":[[102437.31,5.32625],[102437.39,0.00298],[102438.13,0.00676],[102438.14,0.01662],[102438.16,0.00012],[102438.17,0.17905],[102438.2,0.01017],[102438.21,0.0749],[102438.27,0.00152],[102438.5,0.00255],[102438.58,5e-05],[102439.03,5e-05],[102439.19,0.00012],[102439.2,0.32224],[102440.14,0.02006],[102440.74,0.04006],[102440.99,0.05901],[102441.22,0.01178],[102442.01,0.0001],[102442.23,0.04101]]},"raw":{}}
{"exchange":"binance","instance_id":"A","symbol":"BTC-USD","event_ts":1762349865.014,"seq":79830786335,"depth":{"last_seq":79830786335,"bids":[[102437.3,0.43276],[102437.29,0.00055],[102437.23,0.0001],[102434.41,0.00012],[102434.4,0.01527],[102433.07,0.00049],[102430.3,5e-05],[102429.77,0.0028],[102428.46,0.00098],[102426.2,5e-05],[102425.94,0.00048],[102425.72,0.00156],[102425.34,0.00196],[102424.88,0.00012],[102424.87,0.1071],[102424.1,5e-05],[102423.93,0.00012],[102423.92,0.24101],[102423.51,0.00012],[102423.5,0.61204]],"asks":[[102437.31,5.57067],[102437.39,0.00298],[102438.13,0.00676],[102438.14,0.01662],[102438.16,0.00012],[102438.17,0.17905],[102438.2,0.01017],[102438.21,0.0749],[102438.27,0.00152],[102438.5,0.00255],[102438.58,5e-05],[102439.03,5e-05],[102439.19,0.00012],[102439.2,0.32224],[102440.14,0.02006],[102440.74,0.04006],[102440.99,0.05901],[102441.22,0.01178],[102442.01,0.0001],[102442.23,0.04101]]},"raw":{}}
{"exchange":"binance","instance_id":"A","symbol":"BTC-USD","event_ts":1762349865.114,"seq":79830786378,"depth":{"last_seq":79830786378,"bids":[[102437.3,0.18601],[102437.29,0.00055],[102437.23,0.0001],[102434.41,0.00012],[102434.4,0.01527],[102433.07,0.00049],[102430.3,5e-05],[102429.77,0.0028],[102428.46,0.00098],[102426.2,5e-05],[102425.94,0.00048],[102425.72,0.00156],[102425.34,0.00196],[102424.88,0.00012],[102424.87,0.1071],[102424.1,5e-05],[102423.93,0.00012],[102423.92,0.24101],[102423.51,0.00012],[102423.5,0.00323]],"asks":[[102437.31,5.6395],[102437.39,0.00298],[102438.13,0.00664],[102438.14,0.01662],[102438.17,0.17905],[102438.2,0.01005],[102438.21,0.0749],[102438.27,0.00152],[102438.5,0.00255],[102438.58,5e-05],[102439.03,5e-05],[102439.2,0.32224],[102440.14,0.02006],[102440.74,0.04006],[102440.99,0.05901],[102441.22,0.01178],[102442.01,0.0001],[102442.23,0.04101],[102442.6,0.00255],[102443.31,5e-05]]},"raw":{}}
{"exchange":"binance","instance_id":"A","symbol":"BTC-USD","event_ts":1762349865.214,"seq":79830786806,"depth":{"last_seq":79830786806,"bids":[[102434.4,0.00374],[102434.39,0.00045],[102434.14,0.0001],[102433.52,0.00096],[102433.07,0.00049],[102431.5,0.01515],[102430.3,5e-05],[102429.77,0.0028],[102428.46,0.00098],[102426.2,5e-05],[102425.94,0.00048],[102425.72,0.00156],[102425.34,0.00196],[102425.1,0.10537],[102424.88,0.16027],[102424.87,0.10715],[102424.1,5e-05],[102423.93,0.00012],[102423.92,0.00012],[102423.5,0.00305]],"asks":[[102434.41,6.52327],[102434.42,0.00042],[102435.24,0.01635],[102436.41,3.43951],[102436.42,0.0409],[102437.3,0.147],[102437.31,0.61607],[102437.39,0.00278],[102438.13,0.00654],[102438.14,0.00017],[102438.17,0.00012],[102438.2,0.00954],[102438.21,0.07484],[102438.27,0.00152],[102438.5,0.00255],[102438.58,5e-05],[102438.82,0.04101],[102439.03,5e-05],[102439.2,6e-05],[102440.14,0.02006]]},"raw":{}}
{"exchange":"binance","instance_id":"A","symbol":"BTC-USD","event_ts":1762349865.314,"seq":79830786962,"depth":{"last_seq":79830786962,"bids":[[102434.4,0.05321],[102434.39,0.0005],[102434.14,0.0001],[102433.52,0.00096],[102433.47,5e-05],[102431.51,0.00012],[102431.5,0.01527],[102430.3,5e-05],[102430.14,0.0001],[102429.77,0.0028],[102429.7,0.0001],[102428.46,0.00098],[102426.2,5e-05],[102425.94,0.00048],[102425.72,0.00156],[102425.34,0.00201],[102425.11,0.13593],[102425.1,0.10549],[102424.89,0.00012],[102424.88,0.00024]],"asks":[[102434.41,6.6585],[102434.42,0.00062],[102434.49,0.0001],[102435.24,0.01672],[102436.4,1.14244],[102436.41,0.53912],[102436.42,0.04031],[102437.3,6e-05],[102437.31,0.59459],[102437.39,0.0026],[102438.13,0.00644],[102438.14,5e-05],[102438.2,0.00954],[102438.21,0.07484],[102438.27,0.00152],[102438.5,0.0026],[102438.82,0.04107],[102439.03,5e-05],[102439.53,0.00049],[102440.14,0.02]]},"raw":{}}
{"exchange":"binance","instance_id":"A","symbol":"BTC-USD","event_ts":1762349865.414,"seq":79830787379,"depth":{"last_seq":79830787379,"bids":[[102425.11,2.15175],[102425.1,0.00063],[102425.04,0.0001],[102424.88,0.15054],[102424.87,0.00017],[102424.22,0.00092],[102424.16,0.00012],[102424.15,0.00012],[102424.1,5e-05],[102423.5,0.00305],[102423.46,0.00012],[102423.45,0.05957],[102423.34,0.00075],[102422.34,5e-05],[102422.1,5e-05],[102421.93,0.00156],[102421.65,0.01398],[102420.9,0.0097],[102419.78,0.00012],[102419.77,0.38131]],"asks":[[102425.12,5.93758],[102425.2,0.0001],[102425.39,5e-05],[102430.25,0.04883],[102430.9,5e-05],[102434.25,6e-05],[102434.4,1.90869],[102434.41,0.54786],[102434.42,0.0002],[102435.24,0.00027],[102435.36,0.00017],[102436.39,0.57363],[102436.4,0.00022],[102436.41,0.00017],[102436.42,0.04015],[102437.31,0.29858],[102437.39,0.0026],[102437.91,0.0001],[102438.13,0.00644],[102438.14,5e-05]]},"raw":{}}
{"exchange":"binance","instance_id":"A","symbol":"BTC-USD","event_ts":1762349865.514,"seq":79830787541,"depth":{"last_seq":79830787541,"bids":[[102425.11,2.43022],[102425.1,0.00051],[102425.04,0.0001],[102424.89,0.072],[102424.88,0.00012],[102424.87,5e-05],[102424.65,0.01181],[102424.22,0.00092],[102424.1,5e-05],[102423.5,0.00305],[102423.46,0.00012],[102423.45,0.05957],[102423.34,0.00075],[102422.1,5e-05],[102421.93,0.00156],[102421.66,0.00012],[102421.65,0.01409],[102420.9,0.00976],[102420.42,0.09762],[102419.78,0.00012]],"asks":[[102425.12,5.62273],[102425.2,0.0001],[102425.39,5e-05],[102428.83,0.00984],[102430.24,0.0147],[102430.25,0.05018],[102430.9,5e-05],[102434.25,6e-05],[102434.39,0.64691],[102434.4,0.00308],[102434.41,0.54651],[102435.24,0.00015],[102435.36,0.00017],[102436.38,0.00012],[102436.39,0.17679],[102436.41,5e-05],[102436.42,0.04015],[102437.3,6e-05],[102437.31,0.29858],[102437.39,0.0026]]},"raw":{}}
