{"exchange":"binance","instance_id":"B","symbol":"ETH-USD","event_ts":1762349854.915,"seq":63766823194,"depth":{"last_seq":63766823194,"bids":[[3333.18,23.6186],[3333.17,0.0389],[3333.15,0.0048],[3333.14,0.505],[3333.1,6.5432],[3333.09,0.5879],[3333.01,0.0034],[3332.84,10.7908],[3332.51,7.4338],[3332.33,0.068],[3332.08,0.3449],[3331.44,0.002],[2999.87,0.0646],[2999.86,0.027]],"asks":[[3333.19,15.894],[3333.24,0.0016],[3333.25,0.0016],[3333.27,5.2126],[3333.28,0.0033],[3333.3,0.0144],[3333.33,10.1593],[3333.36,0.5578],[3333.38,3.3639],[3333.39,7.7008],[3338.0,5.7148],[3359.63,9.5722]]},"raw":{}}
{"exchange":"binance","instance_id":"B","symbol":"ETH-USD","event_ts":1762349855.015,"seq":63766823262,"depth":{"last_seq":63766823262,"bids":[[3333.18,23.617],[3333.17,0.0389],[3333.15,0.0048],[3333.14,0.505],[3333.11,2.1763],[3333.1,6.5498],[3333.09,0.5913],[3333.03,0.0016],[3333.02,0.134],[3333.0,0.0921],[3332.84,10.7908],[3332.51,6.903],[3332.33,0.068],[3332.17,12.7608],[3332.08,0.3449],[3331.44,0.002],[2999.87,0.0646],[2999.86,0.025],[1189.65,0.0153],[1189.43,0.0051]],"asks":[[3333.19,15.5258],[3333.21,0.3489],[3333.24,0.0016],[3333.25,0.0016],[3333.26,0.0581],[3333.27,5.2094],[3333.28,0.0016],[3333.3,0.0144],[3333.33,10.1593],[3333.34,28.8294],[3333.36,0.5578],[3333.38,3.3639],[3333.39,7.7008],[3333.69,2.7273],[3333.75,0.32],[3333.79,0.2998],[3333.87,7.995],[3337.99,4.195],[3338.0,5.7148],[3359.63,9.5722]]},"raw":{}}
{"exchange":"binance","instance_id":"B","symbol":"ETH-USD","event_ts":1762349855.115,"seq":63766823290,"depth":{"last_seq":63766823290,"bids":[[3333.18,15.9852],[3333.17,0.0389],[3333.15,0.0048],[3333.14,0.505],[3333.12,0.0068],[3333.11,2.1797],[3333.1,6.5498],[3333.09,0.5913],[3333.03,0.0016],[3333.02,0.1306],[3333.0,0.0921],[3332.84,10.7892],[3332.51,6.903],[3332.33,0.068],[3332.17,12.7608],[3332.08,0.3449],[3331.44,0.002],[3329.08,0.5979],[2999.87,0.0646],[2999.86,0.025]],"asks":[[3333.19,23.6413],[3333.2,0.0104],[3333.21,0.3506],[3333.24,0.0016],[3333.25,0.0016],[3333.26,0.0581],[3333.27,0.0205],[3333.28,0.0016],[3333.3,0.0144],[3333.33,10.1593],[3333.34,28.8277],[3333.36,0.5578],[3333.38,3.3639],[3333.39,7.7008],[3333.69,2.7273],[3333.75,0.32],[3333.79,0.2998],[3333.87,7.995],[3337.99,4.195],[3338.0,5.7148]]},"raw":{}}
{"exchange":"binance","instance_id":"B","symbol":"ETH-USD","event_ts":1762349855.215,"seq":63766823315,"depth":{"last_seq":63766823315,"bids":[[3333.18,15.9852],[3333.17,0.0389],[3333.15,0.0048],[3333.14,0.505],[3333.12,0.0068],[3333.11,2.1797],[3333.1,6.5498],[3333.09,0.005],[3333.03,0.0016],[3333.02,0.1306],[3333.01,0.5562],[3333.0,0.0921],[3332.84,10.7892],[3332.51,6.903],[3332.5,9.8084],[3332.33,0.068],[3332.17,12.7608],[3332.08,0.3449],[3331.44,0.002],[3329.08,0.5979]],"asks":[[3333.19,24.7573],[3333.2,0.0121],[3333.21,0.3506],[3333.24,0.0016],[3333.25,0.0016],[3333.26,0.0549],[3333.27,0.0205],[3333.28,0.588],[3333.3,0.0144],[3333.33,10.1576],[3333.34,28.8277],[3333.36,0.0015],[3333.37,0.3112],[3333.38,3.3639],[3333.39,7.7008],[3333.69,2.7033],[3333.75,0.32],[3333.79,0.2998],[3333.87,7.995],[3335.9,1.8803]]},"raw":{}}
{"exchange":"binance","instance_id":"B","symbol":"ETH-USD","event_ts":1762349855.315,"seq":63766823344,"depth":{"last_seq":63766823344,"bids":[[3333.18,15.9852],[3333.17,0.0373],[3333.15,0.0048],[3333.14,0.505],[3333.12,0.0068],[3333.11,2.1797],[3333.1,6.5466],[3333.09,0.0016],[3333.04,0.0032],[3333.03,0.0016],[3333.02,0.1372],[3333.01,0.5562],[3333.0,0.0921],[3332.84,10.7892],[3332.51,9.6606],[3332.5,9.8084],[3332.33,0.068],[3332.17,12.7608],[3332.08,0.3449],[3331.44,0.002]],"asks":[[3333.19,25.1015],[3333.2,0.0121],[3333.21,0.0064],[3333.24,0.0016],[3333.25,0.0016],[3333.26,0.0549],[3333.27,0.0237],[3333.28,0.5897],[3333.3,0.0127],[3333.33,10.1576],[3333.34,28.8277],[3333.36,0.0015],[3333.37,0.3112],[3333.38,3.3607],[3333.39,7.7008],[3333.69,2.7033],[3333.75,0.32],[3333.79,0.2998],[3333.87,7.995],[3335.78,1.7443]]},"raw":{}}
{"exchange":"binance","instance_id":"B","symbol":"ETH-USD","event_ts":1762349855.415,"seq":63766823358,"depth":{"last_seq":63766823358,"bids":[[3333.18,15.9765],[3333.17,0.0373],[3333.15,0.0048],[3333.14,0.505],[3333.12,0.0068],[3333.11,2.1797],[3333.1,6.5466],[3333.09,0.0016],[3333.04,0.0032],[3333.03,0.0016],[3333.02,0.1372],[3333.01,0.5562],[3333.0,0.0921],[3332.84,10.7892],[3332.51,9.6606],[3332.5,9.8084],[3332.33,0.068],[3332.17,12.23],[3332.08,0.3449],[3331.87,0.5308]],"asks":[[3333.19,25.0999],[3333.2,0.0089],[3333.21,0.0047],[3333.24,0.0016],[3333.25,0.0016],[3333.26,0.0549],[3333.27,0.0237],[3333.28,0.5897],[3333.3,0.0144],[3333.33,10.1576],[3333.34,28.8277],[3333.36,0.0015],[3333.37,0.3112],[3333.38,3.3623],[3333.39,7.7008],[3333.69,2.7033],[3333.75,0.32],[3333.79,0.2998],[3333.87,7.995],[3335.78,1.7443]]},"raw":{}}
{"exchange":"binance","instance_id":"B","symbol":"ETH-USD","event_ts":1762349855.515,"seq":63766823432,"depth":{"last_seq":63766823432,"bids":[[3333.18,6.5776],[3333.17,0.0389],[3333.15,0.0048],[3333.14,0.505],[3333.12,0.0068],[3333.11,0.0082],[3333.1,0.0066],[3333.09,0.0016],[3333.04,0.0032],[3333.03,0.0016],[3333.02,0.1372],[3333.01,0.5562],[3333.0,0.0921],[3332.85,0.0032],[3332.84,10.7892],[3332.6,0.0032],[3332.51,9.6606],[3332.5,2.3056],[3332.17,12.23],[3332.08,0.3449]],"asks":[[3333.19,25.2999],[3333.2,0.0072],[3333.21,0.0047],[3333.22,7.5044],[3333.24,0.0016],[3333.25,0.0016],[3333.26,0.0549],[3333.27,0.0205],[3333.28,0.5897],[3333.3,0.0144],[3333.32,0.0016],[3333.33,10.1561],[3333.34,28.8277],[3333.36,0.0015],[3333.37,0.308],[3333.38,3.3607],[3333.58,1.496],[3333.6,7.1454],[3333.69,2.7033],[3333.75,0.32]]},"raw":{}}
{"exchange":"binance","instance_id":"B","symbol":"ETH-USD","event_ts":1762349855.615,"seq":63766823525,"depth":{"last_seq":63766823525,"bids":[[3333.18,6.584],[3333.17,0.0389],[3333.15,0.0048],[3333.14,0.005],[3333.12,0.0036],[3333.11,0.0016],[3333.1,0.0032],[3333.09,0.0016],[3333.04,0.0032],[3333.03,0.0048],[3333.02,0.1372],[3333.01,0.5596],[3333.0,0.0955],[3332.85,0.0032],[3332.84,2.9282],[3332.82,0.0016],[3332.7,1.4532],[3332.6,0.0032],[3332.52,0.0067],[3332.51,13.9739]],"asks":[[3333.19,25.8335],[3333.2,0.0072],[3333.21,0.0047],[3333.22,7.5044],[3333.24,0.0016],[3333.25,0.0016],[3333.26,0.0549],[3333.27,0.0205],[3333.28,0.5897],[3333.3,0.0144],[3333.32,5.3966],[3333.33,11.2361],[3333.34,28.8277],[3333.36,0.0015],[3333.37,0.308],[3333.38,1.062],[3333.4,0.0515],[3333.44,0.0033],[3333.6,7.1454],[3333.69,2.7033]]},"raw":{}}
{"exchange":"binance","instance_id":"B","symbol":"ETH-USD","event_ts":1762349855.715,"seq":63766823574,"depth":{"last_seq":63766823574,"bids":[[3333.18,6.584],[3333.17,0.0405],[3333.15,0.0016],[3333.14,0.0016],[3333.12,0.0036],[3333.11,0.0016],[3333.1,0.0032],[3333.09,0.0016],[3333.04,0.0032],[3333.03,0.0048],[3333.02,0.1372],[3333.01,0.5628],[3333.0,0.0955],[3332.87,0.0357],[3332.85,0.0032],[3332.84,9.1521],[3332.83,18.1826],[3332.82,0.0016],[3332.7,1.4532],[3332.6,0.0032]],"asks":[[3333.19,25.8335],[3333.2,0.0072],[3333.21,0.0047],[3333.22,7.5061],[3333.24,0.0016],[3333.25,0.0016],[3333.26,0.0549],[3333.27,0.0205],[3333.28,0.5897],[3333.3,0.0127],[3333.32,5.3966],[3333.33,11.2361],[3333.34,28.8277],[3333.36,0.0015],[3333.37,0.308],[3333.38,1.062],[3333.4,0.0515],[3333.44,0.0033],[3333.6,7.1454],[3333.69,2.7033]]},"raw":{}}
{"exchange":"binance","instance_id":"B","symbol":"ETH-USD","event_ts":1762349855.815,"seq":63766823598,"depth":{"last_seq":63766823598,"bids":[[3333.18,6.584],[3333.17,0.0421],[3333.15,0.0016],[3333.14,0.0016],[3333.12,0.0036],[3333.11,0.0016],[3333.1,0.0032],[3333.09,0.0016],[3333.04,0.0016],[3333.03,0.0048],[3333.02,0.1372],[3333.01,0.5628],[3333.0,0.0955],[3332.87,0.0357],[3332.85,0.0032],[3332.84,9.1521],[3332.83,18.1826],[3332.82,0.0016],[3332.7,1.4532],[3332.6,0.0032]],"asks":[[3333.19,25.8335],[3333.2,0.0072],[3333.21,0.0047],[3333.22,7.5061],[3333.24,0.0016],[3333.25,0.0016],[3333.26,0.0549],[3333.27,0.0205],[3333.28,0.5897],[3333.3,0.0127],[3333.32,5.3966],[3333.33,11.2361],[3333.34,28.8277],[3333.36,0.0015],[3333.38,1.062],[3333.4,0.0515],[3333.44,0.0033],[3333.6,7.1454],[3333.69,2.7033],[3333.7,0.1016]]},"raw":{}}
{"exchange":"binance","instance_id":"B","symbol":"ETH-USD","event_ts":1762349855.915,"seq":63766823610,"depth":{"last_seq":63766823610,"bids":[[3333.18,6.63],[3333.17,0.0421],[3333.15,0.0016],[3333.14,0.0016],[3333.12,0.0036],[3333.11,0.0016],[3333.1,0.0032],[3333.09,0.0016],[3333.04,0.0016],[3333.03,0.0048],[3333.02,0.1372],[3333.01,0.5628],[3333.0,0.0955],[3332.87,0.0357],[3332.85,0.0032],[3332.84,6.2271],[3332.83,18.1826],[3332.82,0.0016],[3332.7,1.4532],[3332.6,0.0032]],"asks":[[3333.19,25.8335],[3333.2,0.0072],[3333.21,0.0047],[3333.22,7.5061],[3333.24,0.0016],[3333.25,0.0016],[3333.26,0.0549],[3333.27,0.0205],[3333.28,0.5897],[3333.3,0.308],[3333.32,5.3966],[3333.33,11.2361],[3333.34,28.8277],[3333.36,0.0015],[3333.38,1.062],[3333.4,0.0515],[3333.44,0.0033],[3333.6,7.1454],[3333.69,2.7033],[3333.7,0.1016]]},"raw":{}}
{"exchange":"binance","instance_id":"B","symbol":"ETH-USD","event_ts":1762349856.015,"seq":63766823629,"depth":{"last_seq":63766823629,"bids":[[3333.18,5.1293],[3333.17,0.0421],[3333.15,0.0016],[3333.14,0.0016],[3333.12,0.0036],[3333.11,0.0016],[3333.1,0.0032],[3333.09,0.0016],[3333.04,0.0016],[3333.03,0.0048],[3333.02,0.1372],[3333.01,0.5628],[3333.0,0.0955],[3332.87,0.0357],[3332.85,0.0032],[3332.84,6.2271],[3332.83,18.1826],[3332.82,0.0016],[3332.7,1.4532],[3332.6,0.0032]],"asks":[[3333.19,25.8451],[3333.2,0.0072],[3333.21,0.0047],[3333.22,7.5061],[3333.24,0.0016],[3333.25,0.0016],[3333.26,0.0549],[3333.27,0.0205],[3333.28,0.5897],[3333.3,0.308],[3333.32,5.3966],[3333.33,11.2361],[3333.34,28.8277],[3333.36,0.0015],[3333.38,1.062],[3333.4,0.0515],[3333.44,0.0033],[3333.6,7.1454],[3333.69,2.7033],[3333.7,0.1016]]},"raw":{}}
{"exchange":"binance","instance_id":"B","symbol":"ETH-USD","event_ts":1762349856.115,"seq":63766823637,"depth":{"last_seq":63766823637,"bids":[[3333.18,5.1293],[3333.17,0.0421],[3333.15,0.0016],[3333.14,0.0016],[3333.12,0.0036],[3333.11,0.0016],[3333.1,0.0032],[3333.09,0.0016],[3333.04,0.0016],[3333.03,0.0048],[3333.02,0.1372],[3333.01,0.5628],[3333.0,0.0955],[3332.87,0.0357],[3332.85,0.0048],[3332.84,6.2271],[3332.83,18.1826],[3332.82,0.0016],[3332.7,1.4532],[3332.6,0.0032]],"asks":[[3333.19,25.8431],[3333.2,0.0072],[3333.21,0.0047],[3333.22,7.5061],[3333.24,0.0016],[3333.25,0.0016],[3333.26,0.0549],[3333.27,0.0205],[3333.28,0.5897],[3333.3,0.308],[3333.32,5.3966],[3333.33,11.2361],[3333.34,28.8277],[3333.36,0.0015],[3333.38,1.062],[3333.4,0.0515],[3333.44,0.0033],[3333.6,7.7454],[3333.69,2.7033],[3333.7,0.1016]]},"raw":{}}
{"exchange":"binance","instance_id":"B","symbol":"ETH-USD","event_ts":1762349856.215,"seq":63766823651,"depth":{"last_seq":63766823651,"bids":[[3333.18,5.1293],[3333.17,0.0421],[3333.15,0.0016],[3333.14,0.0016],[3333.12,0.0036],[3333.11,0.0016],[3333.1,0.0032],[3333.09,0.0016],[3333.04,0.0016],[3333.03,0.0048],[3333.02,0.1372],[3333.01,0.5628],[3333.0,0.0955],[3332.87,0.0357],[3332.85,0.0048],[3332.84,6.2271],[3332.83,18.1826],[3332.82,0.0016],[3332.7,1.4532],[3332.6,0.0032]],"asks":[[3333.19,25.8157],[3333.2,0.0072],[3333.21,0.0047],[3333.22,7.5061],[3333.24,0.0016],[3333.25,0.0016],[3333.26,0.0549],[3333.27,0.0205],[3333.28,0.5897],[3333.3,0.308],[3333.32,5.3966],[3333.33,11.2361],[3333.34,28.8277],[3333.36,0.0015],[3333.38,1.062],[3333.4,0.0515],[3333.44,0.0033],[3333.59,5.6617],[3333.6,7.1454],[3333.69,2.7033]]},"raw":{}}
{"exchange":"binance","instance_id":"B","symbol":"ETH-USD","event_ts":1762349856.317,"seq":63766824024,"depth":{"last_seq":63766824024,"bids":[[3333.1,0.0421],[3333.09,0.0208],[3333.04,0.0032],[3333.03,0.0064],[3333.02,0.1098],[3333.01,0.0082],[3333.0,0.0971],[3332.98,0.0048],[3332.88,0.0036],[3332.87,0.005],[3332.85,0.0048],[3332.84,0.0032],[3332.83,18.1826],[3332.82,0.0016],[3332.8,0.0016],[3332.77,0.0307],[3332.7,0.0532],[3332.69,0.0016],[3332.67,0.0016],[3332.64,0.0352]],"asks":[[3333.11,80.578],[3333.12,0.05],[3333.13,2.2964],[3333.15,8.2444],[3333.17,2.8911],[3333.18,20.783],[3333.19,3.364],[3333.2,0.0041],[3333.21,0.0016],[3333.22,0.0049],[3333.24,0.0016],[3333.25,0.7446],[3333.26,0.0549],[3333.27,0.0172],[3333.3,1.051],[3333.32,5.3966],[3333.33,1.0817],[3333.34,28.8277],[3333.36,0.0205],[3333.38,1.062]]},"raw":{}}
{"exchange":"binance","instance_id":"B","symbol":"ETH-USD","event_ts":1762349856.415,"seq":63766824587,"depth":{"last_seq":63766824587,"bids":[[3332.83,21.7248],[3332.82,0.0144],[3332.81,0.035],[3332.8,0.0016],[3332.79,0.0032],[3332.77,0.0016],[3332.76,0.0036],[3332.73,0.0048],[3332.72,0.0316],[3332.7,0.0048],[3332.69,0.0048],[3332.68,0.115],[3332.67,0.0016],[3332.65,0.5558],[3332.64,0.0052],[3332.62,0.0348],[3332.61,0.0766],[3332.6,0.0339],[3332.56,0.0016],[3332.55,0.0378]],"asks":[[3332.84,82.4332],[3332.93,0.5868],[3332.98,0.0516],[3333.01,0.0024],[3333.02,0.0369],[3333.1,34.0306],[3333.11,0.4711],[3333.12,0.0743],[3333.13,2.2997],[3333.15,0.7463],[3333.17,2.92],[3333.18,0.0016],[3333.19,2.8482],[3333.2,0.0039],[3333.21,2.7049],[3333.22,0.0016],[3333.24,0.0031],[3333.25,0.7446],[3333.26,3.0552],[3333.27,0.0172]]},"raw":{}}
{"exchange":"binance","instance_id":"B","symbol":"ETH-USD","event_ts":1762349856.515,"seq":63766824709,"depth":{"last_seq":63766824709,"bids":[[3332.83,19.8016],[3332.82,0.0194],[3332.81,0.035],[3332.8,0.0016],[3332.79,0.0032],[3332.77,0.0016],[3332.76,0.0036],[3332.73,0.0032],[3332.72,0.035],[3332.7,0.0048],[3332.69,0.0048],[3332.68,0.1184],[3332.66,0.0032],[3332.65,0.5592],[3332.64,0.0052],[3332.62,0.0316],[3332.61,0.0766],[3332.6,0.0339],[3332.59,0.0016],[3332.57,0.045]],"asks":[[3332.84,82.5695],[3332.93,0.5901],[3332.98,0.0549],[3332.99,0.5361],[3333.01,0.004],[3333.02,0.0402],[3333.1,0.0017],[3333.11,0.3475],[3333.12,0.0726],[3333.13,2.298],[3333.15,0.7446],[3333.17,2.9167],[3333.19,2.8466],[3333.2,0.0023],[3333.21,2.7033],[3333.22,0.0016],[3333.24,0.0031],[3333.25,0.7446],[3333.26,3.0552],[3333.27,0.0172]]},"raw":{}}
{"exchange":"binance","instance_id":"B","symbol":"ETH-USD","event_ts":1762349856.615,"seq":63766824754,"depth":{"last_seq":63766824754,"bids":[[3332.83,19.7935],[3332.82,0.021],[3332.81,0.035],[3332.8,0.0016],[3332.79,0.0032],[3332.77,0.0016],[3332.76,0.0036],[3332.73,0.0032],[3332.72,0.035],[3332.7,0.0048],[3332.69,0.0048],[3332.68,0.1184],[3332.66,0.0032],[3332.65,0.5592],[3332.64,0.0052],[3332.62,0.0316],[3332.61,0.0766],[3332.6,0.0339],[3332.59,0.0016],[3332.57,0.045]],"asks":[[3332.84,87.9281],[3332.92,0.3658],[3332.93,0.5901],[3332.98,0.0549],[3332.99,0.5394],[3333.01,0.004],[3333.02,0.0402],[3333.1,0.0016],[3333.11,0.3475],[3333.12,2.7012],[3333.13,2.298],[3333.15,0.743],[3333.17,2.9167],[3333.18,0.1],[3333.19,2.8466],[3333.2,0.5023],[3333.21,2.7033],[3333.22,0.0016],[3333.24,0.0031],[3333.25,0.7446]]},"raw":{}}
{"exchange":"binance","instance_id":"B","symbol":"ETH-USD","event_ts":1762349856.715,"seq":63766824785,"depth":{"last_seq":63766824785,"bids":[[3332.83,19.7935],[3332.82,0.021],[3332.81,0.035],[3332.8,0.0016],[3332.79,0.0032],[3332.77,0.0016],[3332.76,0.0036],[3332.73,0.0032],[3332.72,0.035],[3332.7,0.0048],[3332.69,0.0048],[3332.68,0.1184],[3332.66,0.0032],[3332.65,0.5592],[3332.64,0.0052],[3332.62,0.0316],[3332.61,0.0766],[3332.6,0.0323],[3332.59,0.0016],[3332.57,0.045]],"asks":[[3332.84,88.274],[3332.92,0.3691],[3332.93,0.5901],[3332.98,0.0549],[3332.99,0.5394],[3333.01,0.004],[3333.02,0.0402],[3333.1,0.0016],[3333.11,0.0016],[3333.12,2.7012],[3333.13,2.2964],[3333.15,0.743],[3333.17,2.9167],[3333.18,0.1],[3333.19,2.8466],[3333.2,0.5023],[3333.21,2.7033],[3333.22,0.0016],[3333.24,0.0031],[3333.25,0.7446]]},"raw":{}}
{"exchange":"binance","instance_id":"B","symbol":"ETH-USD","event_ts":1762349856.815,"seq":63766824815,"depth":{"last_seq":63766824815,"bids":[[3332.83,19.7935],[3332.82,0.021],[3332.81,0.035],[3332.8,0.0016],[3332.79,0.0032],[3332.77,0.0016],[3332.76,0.0036],[3332.73,0.0032],[3332.72,0.035],[3332.7,0.0048],[3332.69,0.0048],[3332.68,0.1184],[3332.66,0.0032],[3332.65,0.5592],[3332.64,0.0052],[3332.62,0.0316],[3332.61,0.0766],[3332.6,0.0323],[3332.59,0.0016],[3332.57,0.045]],"asks":[[3332.84,88.274],[3332.92,0.3691],[3332.93,0.5901],[3332.98,0.0549],[3332.99,0.5394],[3333.01,0.004],[3333.02,0.0402],[3333.1,0.0016],[3333.11,0.0016],[3333.12,2.7012],[3333.13,2.2964],[3333.15,0.743],[3333.17,2.9167],[3333.18,0.1],[3333.19,2.8466],[3333.2,0.5023],[3333.21,2.7033],[3333.22,0.0016],[3333.24,0.0031],[3333.25,0.7446]]},"raw":{}}
{"exchange":"binance","instance_id":"B","symbol":"ETH-USD","event_ts":1762349856.915,"seq":63766824841,"depth":{"last_seq":63766824841,"bids":[[3332.83,19.7935],[3332.82,0.021],[3332.81,0.035],[3332.8,0.0032],[3332.79,0.0032],[3332.77,0.0016],[3332.76,0.0036],[3332.73,0.0032],[3332.72,0.035],[3332.7,0.0048],[3332.69,0.0048],[3332.68,0.1184],[3332.66,0.0032],[3332.65,0.5592],[3332.64,0.0052],[3332.62,0.0316],[3332.61,0.0766],[3332.6,0.0323],[3332.59,0.0016],[3332.57,0.045]],"asks":[[3332.84,88.2766],[3332.92,0.3691],[3332.93,0.5901],[3332.98,0.0549],[3332.99,0.5394],[3333.01,0.004],[3333.02,0.0402],[3333.1,0.0016],[3333.11,0.0016],[3333.12,2.7012],[3333.13,2.2964],[3333.15,0.743],[3333.17,2.9167],[3333.18,0.1],[3333.19,2.844],[3333.2,0.5023],[3333.21,8.7042],[3333.24,0.0031],[3333.25,6.7455],[3333.26,3.0536]]},"raw":{}}
{"exchange":"binance","instance_id":"B","symbol":"ETH-USD","event_ts":1762349857.015,"seq":63766824858,"depth":{"last_seq":63766824858,"bids":[[3332.83,19.7935],[3332.82,0.021],[3332.81,0.035],[3332.8,0.0032],[3332.79,0.0032],[3332.77,0.0016],[3332.76,0.0036],[3332.73,0.0032],[3332.72,0.035],[3332.7,0.0048],[3332.69,0.0048],[3332.68,0.1184],[3332.66,0.0032],[3332.65,0.5592],[3332.64,0.0052],[3332.62,0.0316],[3332.61,0.0766],[3332.6,0.0323],[3332.59,0.0016],[3332.57,0.045]],"asks":[[3332.84,88.2766],[3332.92,0.3691],[3332.93,0.5901],[3332.96,0.0016],[3332.98,0.0549],[3332.99,0.5394],[3333.01,0.004],[3333.02,0.0402],[3333.1,0.0016],[3333.11,0.0016],[3333.12,2.7012],[3333.13,2.2964],[3333.15,0.743],[3333.17,2.9167],[3333.18,0.1],[3333.19,2.844],[3333.2,0.5023],[3333.21,8.7042],[3333.24,15.4499],[3333.25,6.7455]]},"raw":{}}
{"exchange":"binance","instance_id":"B","symbol":"ETH-USD","event_ts":1762349857.115,"seq":63766824875,"depth":{"last_seq":63766824875,"bids":[[3332.83,19.7935],[3332.82,0.021],[3332.81,0.035],[3332.8,0.0032],[3332.79,0.0032],[3332.77,0.0016],[3332.76,0.0036],[3332.73,0.0032],[3332.72,0.035],[3332.7,0.0048],[3332.69,0.0048],[3332.68,0.1184],[3332.66,0.0032],[3332.65,0.5592],[3332.64,0.0052],[3332.62,0.0316],[3332.61,0.0766],[3332.6,0.0323],[3332.59,0.0016],[3332.57,0.045]],"asks":[[3332.84,88.2766],[3332.92,0.3691],[3332.93,0.5901],[3332.96,0.0032],[3332.98,0.0549],[3332.99,0.5394],[3333.01,0.004],[3333.02,0.0402],[3333.1,0.0016],[3333.11,0.0016],[3333.12,2.6996],[3333.13,2.2964],[3333.15,0.743],[3333.17,2.9167],[3333.18,6.5673],[3333.19,2.844],[3333.2,0.5023],[3333.21,8.7042],[3333.24,15.4499],[3333.25,6.7455]]},"raw":{}}
{"exchange":"binance","instance_id":"B","symbol":"ETH-USD","event_ts":1762349857.215,"seq":63766824885,"depth":{"last_seq":63766824885,"bids":[[3332.83,19.7935],[3332.82,0.021],[3332.81,0.035],[3332.8,0.0032],[3332.79,0.0032],[3332.77,0.0016],[3332.76,0.0036],[3332.73,0.0032],[3332.72,0.035],[3332.7,0.0048],[3332.69,0.0048],[3332.68,0.1184],[3332.66,0.0032],[3332.65,0.5592],[3332.64,0.0052],[3332.62,0.0316],[3332.61,0.0766],[3332.6,0.0323],[3332.59,0.0016],[3332.57,0.045]],"asks":[[3332.84,88.2766],[3332.92,0.3691],[3332.93,0.5901],[3332.96,0.0032],[3332.98,0.0549],[3332.99,0.5394],[3333.01,0.004],[3333.02,0.0402],[3333.1,0.0016],[3333.11,0.0016],[3333.12,4.3221],[3333.13,2.2964],[3333.15,0.743],[3333.17,2.9167],[3333.18,6.5673],[3333.19,2.844],[3333.2,0.5023],[3333.21,8.7042],[3333.24,15.4499],[3333.25,6.7455]]},"raw":{}}
{"exchange":"binance","instance_id":"B","symbol":"ETH-USD","event_ts":1762349857.315,"seq":63766824920,"depth":{"last_seq":63766824920,"bids":[[3332.83,18.2927],[3332.82,0.021],[3332.81,0.035],[3332.8,0.0032],[3332.79,0.0032],[3332.77,0.0016],[3332.76,0.0036],[3332.73,0.0032],[3332.72,0.035],[3332.7,0.0048],[3332.69,0.0048],[3332.68,0.1184],[3332.66,0.0032],[3332.65,0.5592],[3332.64,0.0052],[3332.62,0.0316],[3332.61,0.0766],[3332.6,0.0323],[3332.59,0.0016],[3332.57,0.045]],"asks":[[3332.84,79.1705],[3332.92,0.3691],[3332.93,0.5901],[3332.96,0.0032],[3332.98,0.0549],[3332.99,0.5394],[3333.01,0.004],[3333.02,0.0402],[3333.1,0.0016],[3333.11,5.1913],[3333.12,4.3221],[3333.13,2.2988],[3333.15,0.743],[3333.17,2.9167],[3333.18,6.5673],[3333.19,2.844],[3333.2,0.5023],[3333.21,8.7042],[3333.24,15.4499],[3333.25,6.7455]]},"raw":{}}
{"exchange":"binance","instance_id":"B","symbol":"ETH-USD","event_ts":1762349857.415,"seq":63766824944,"depth":{"last_seq":63766824944,"bids":[[3332.83,18.2927],[3332.82,0.021],[3332.81,0.035],[3332.8,0.0032],[3332.79,0.0032],[3332.77,0.0016],[3332.76,0.0036],[3332.73,0.0032],[3332.72,0.035],[3332.7,0.0048],[3332.69,0.0048],[3332.68,0.1184],[3332.66,0.0032],[3332.65,0.5592],[3332.64,0.0052],[3332.62,0.0316],[3332.61,0.0766],[3332.6,0.0323],[3332.59,0.0016],[3332.57,0.045]],"asks":[[3332.84,79.1705],[3332.86,7.502],[3332.92,0.3707],[3332.93,0.5901],[3332.96,0.0032],[3332.98,0.0549],[3332.99,0.5394],[3333.01,0.004],[3333.02,0.0402],[3333.1,0.0016],[3333.11,5.1913],[3333.12,4.3221],[3333.13,2.2988],[3333.15,0.743],[3333.17,2.9167],[3333.18,6.5673],[3333.19,2.844],[3333.2,0.5023],[3333.21,2.7033],[3333.24,15.4499]]},"raw":{}}
{"exchange":"binance","instance_id":"B","symbol":"ETH-USD","event_ts":1762349857.515,"seq":63766824976,"depth":{"last_seq":63766824976,"bids":[[3332.83,18.2927],[3332.82,0.021],[3332.81,0.035],[3332.8,0.0032],[3332.79,0.0032],[3332.77,0.0016],[3332.76,0.0036],[3332.73,0.0032],[3332.72,0.035],[3332.7,0.0048],[3332.69,0.0048],[3332.68,0.1184],[3332.66,0.0032],[3332.65,0.5592],[3332.64,0.0052],[3332.62,0.0316],[3332.61,0.0766],[3332.6,0.0323],[3332.59,0.0016],[3332.57,0.045]],"asks":[[3332.84,84.3619],[3332.85,2.6085],[3332.86,7.5053],[3332.92,0.0049],[3332.93,0.5901],[3332.96,0.0032],[3332.98,0.0549],[3332.99,0.5394],[3333.0,0.308],[3333.01,0.004],[3333.02,0.0385],[3333.1,0.0016],[3333.12,4.3221],[3333.13,2.2988],[3333.15,0.743],[3333.17,2.9167],[3333.18,6.5673],[3333.19,2.3121],[3333.2,0.5023],[3333.21,2.7033]]},"raw":{}}
{"exchange":"binance","instance_id":"B","symbol":"ETH-USD","event_ts":1762349857.615,"seq":63766825009,"depth":{"last_seq":63766825009,"bids":[[3332.83,17.746],[3332.82,0.021],[3332.81,0.035],[3332.8,0.0032],[3332.79,0.0032],[3332.77,0.0016],[3332.76,0.0036],[3332.73,0.0032],[3332.72,0.035],[3332.7,0.0048],[3332.69,0.0048],[3332.68,0.1184],[3332.66,0.0032],[3332.65,0.5592],[3332.64,0.0052],[3332.62,0.0316],[3332.61,0.0766],[3332.6,0.0323],[3332.59,0.0016],[3332.57,0.045]],"asks":[[3332.84,84.3634],[3332.85,2.6118],[3332.86,7.5053],[3332.92,0.0032],[3332.93,0.5901],[3332.96,0.0016],[3332.98,0.0549],[3332.99,0.5394],[3333.0,0.3096],[3333.01,0.004],[3333.02,0.0369],[3333.12,4.3221],[3333.13,2.2988],[3333.15,0.743],[3333.17,2.9167],[3333.18,6.5673],[3333.19,2.3121],[3333.2,0.5023],[3333.21,2.7033],[3333.24,10.0718]]},"raw":{}}
{"exchange":"binance","instance_id":"B","symbol":"ETH-USD","event_ts":1762349857.715,"seq":63766825024,"depth":{"last_seq":63766825024,"bids":[[3332.83,17.746],[3332.82,0.021],[3332.81,0.035],[3332.8,0.0032],[3332.79,0.0032],[3332.77,0.0016],[3332.76,0.0036],[3332.73,0.0032],[3332.72,0.035],[3332.7,0.0048],[3332.69,0.0048],[3332.68,0.1184],[3332.66,0.0032],[3332.65,0.5592],[3332.64,0.0052],[3332.62,0.0316],[3332.61,0.0766],[3332.6,0.0323],[3332.59,0.0016],[3332.57,0.045]],"asks":[[3332.84,84.3634],[3332.85,2.6118],[3332.86,7.5053],[3332.92,0.0032],[3332.93,0.5901],[3332.96,0.0016],[3332.98,0.0549],[3332.99,0.5394],[3333.0,0.3096],[3333.01,0.004],[3333.02,0.0369],[3333.12,4.3221],[3333.13,2.2988],[3333.15,0.743],[3333.17,2.9167],[3333.18,6.5673],[3333.19,2.3121],[3333.2,0.5023],[3333.21,2.7033],[3333.24,10.0718]]},"raw":{}}
{"exchange":"binance","instance_id":"B","symbol":"ETH-USD","event_ts":1762349857.815,"seq":63766825039,"depth":{"last_seq":63766825039,"bids":[[3332.83,17.746],[3332.82,0.021],[3332.81,0.035],[3332.8,0.0032],[3332.79,0.0032],[3332.77,0.0016],[3332.76,0.0036],[3332.73,0.0032],[3332.72,0.035],[3332.7,0.0048],[3332.69,0.0048],[3332.68,0.1184],[3332.66,0.0032],[3332.65,0.5592],[3332.64,0.0052],[3332.62,0.0316],[3332.61,0.0766],[3332.6,0.0323],[3332.59,0.0016],[3332.57,0.045]],"asks":[[3332.84,84.3634],[3332.85,2.6118],[3332.86,7.5053],[3332.92,0.0032],[3332.93,0.5901],[3332.96,0.0016],[3332.98,0.0549],[3332.99,0.5394],[3333.0,0.3096],[3333.01,0.004],[3333.02,0.0369],[3333.12,4.3221],[3333.13,2.2988],[3333.15,0.743],[3333.17,2.9167],[3333.18,6.5708],[3333.19,2.3121],[3333.2,0.5023],[3333.21,2.7033],[3333.24,10.0718]]},"raw":{}}
{"exchange":"binance","instance_id":"B","symbol":"ETH-USD","event_ts":1762349857.915,"seq":63766825046,"depth":{"last_seq":63766825046,"bids":[[3332.83,17.746],[3332.82,0.021],[3332.81,0.035],[3332.8,0.0032],[3332.79,0.0032],[3332.77,0.0016],[3332.76,0.0036],[3332.73,0.0032],[3332.72,0.035],[3332.7,0.0048],[3332.69,0.0048],[3332.68,0.1184],[3332.66,0.0032],[3332.65,0.5592],[3332.64,0.0052],[3332.62,0.0316],[3332.61,0.0766],[3332.6,0.0323],[3332.59,0.0016],[3332.57,0.045]],"asks":[[3332.84,84.3634],[3332.85,2.6118],[3332.86,7.5053],[3332.92,0.0032],[3332.93,0.8846],[3332.96,0.0016],[3332.98,0.0549],[3332.99,0.5394],[3333.0,0.3096],[3333.01,0.004],[3333.02,0.0369],[3333.12,4.3221],[3333.13,2.2988],[3333.15,0.743],[3333.17,2.9167],[3333.18,6.5708],[3333.19,2.3121],[3333.2,0.5023],[3333.21,2.7033],[3333.24,10.0718]]},"raw":{}}
{"exchange":"binance","instance_id":"B","symbol":"ETH-USD","event_ts":1762349858.015,"seq":63766825052,"depth":{"last_seq":63766825052,"bids":[[3332.83,17.746],[3332.82,0.021],[3332.81,0.035],[3332.8,0.0032],[3332.79,0.0032],[3332.77,0.0016],[3332.76,0.0036],[3332.73,0.0032],[3332.72,0.035],[3332.7,0.0048],[3332.69,0.0048],[3332.68,0.1184],[3332.66,0.0032],[3332.65,0.5592],[3332.64,0.0052],[3332.62,0.0316],[3332.61,0.0766],[3332.6,0.0323],[3332.59,0.0016],[3332.57,0.045]],"asks":[[3332.84,84.3634],[3332.85,2.6118],[3332.86,7.5053],[3332.92,0.0016],[3332.93,0.8846],[3332.96,0.0016],[3332.98,0.0549],[3332.99,0.5394],[3333.0,0.3096],[3333.01,0.004],[3333.02,0.0369],[3333.12,4.3221],[3333.13,2.2988],[3333.15,0.743],[3333.17,2.9167],[3333.18,6.5708],[3333.19,2.3121],[3333.2,0.5023],[3333.21,2.7033],[3333.24,10.0718]]},"raw":{}}
{"exchange":"binance","instance_id":"B","symbol":"ETH-USD","event_ts":1762349858.115,"seq":63766825058,"depth":{"last_seq":63766825058,"bids":[[3332.83,17.746],[3332.82,0.021],[3332.81,0.035],[3332.8,0.0032],[3332.79,0.0032],[3332.77,0.0016],[3332.76,0.0036],[3332.73,0.0032],[3332.72,0.035],[3332.7,0.0048],[3332.69,0.0048],[3332.68,0.1184],[3332.66,0.0032],[3332.65,0.5592],[3332.64,0.0052],[3332.62,0.0316],[3332.61,0.0766],[3332.6,0.0323],[3332.59,0.0016],[3332.57,0.045]],"asks":[[3332.84,84.3634],[3332.85,2.6118],[3332.86,7.5053],[3332.92,0.0016],[3332.93,0.8846],[3332.96,0.0032],[3332.98,0.0549],[3332.99,0.5394],[3333.0,0.3096],[3333.01,0.004],[3333.02,0.0369],[3333.12,4.3221],[3333.13,2.2988],[3333.15,0.743],[3333.17,2.9167],[3333.18,6.5708],[3333.19,2.3121],[3333.2,0.5023],[3333.21,2.7033],[3333.24,10.0718]]},"raw":{}}
{"exchange":"binance","instance_id":"B","symbol":"ETH-USD","event_ts":1762349858.215,"seq":63766825065,"depth":{"last_seq":63766825065,"bids":[[3332.83,17.746],[3332.82,0.021],[3332.81,0.035],[3332.8,0.0032],[3332.79,0.0032],[3332.77,0.0016],[3332.76,0.0036],[3332.73,0.0032],[3332.72,0.035],[3332.7,0.0048],[3332.69,0.0048],[3332.68,0.1184],[3332.66,0.0032],[3332.65,0.5592],[3332.64,0.0052],[3332.62,0.0316],[3332.61,0.0766],[3332.6,0.0323],[3332.59,0.0016],[3332.57,0.045]],"asks":[[3332.84,84.3634],[3332.85,2.6118],[3332.86,7.5053],[3332.92,0.0016],[3332.93,0.8846],[3332.96,0.0032],[3332.98,0.0549],[3332.99,0.5394],[3333.0,0.3096],[3333.01,0.004],[3333.02,0.0369],[3333.12,4.3221],[3333.13,2.2988],[3333.15,0.743],[3333.17,2.9167],[3333.18,6.5708],[3333.19,2.3121],[3333.2,0.5023],[3333.21,2.7033],[3333.24,10.0718]]},"raw":{}}
{"exchange":"binance","instance_id":"B","symbol":"ETH-USD","event_ts":1762349858.315,"seq":63766825069,"depth":{"last_seq":63766825069,"bids":[[3332.83,17.746],[3332.82,0.021],[3332.81,0.035],[3332.8,0.0032],[3332.79,0.0032],[3332.77,0.0016],[3332.76,0.0036],[3332.73,0.0032],[3332.72,0.035],[3332.7,0.0048],[3332.69,0.0048],[3332.68,0.1184],[3332.66,0.0032],[3332.65,0.5592],[3332.64,0.0052],[3332.62,0.0316],[3332.61,0.0766],[3332.6,0.0323],[3332.59,0.0016],[3332.57,0.045]],"asks":[[3332.84,84.3634],[3332.85,2.6118],[3332.86,7.5053],[3332.92,0.0016],[3332.93,0.8846],[3332.96,0.0032],[3332.98,0.0549],[3332.99,0.5394],[3333.0,0.3096],[3333.01,0.004],[3333.02,0.0369],[3333.12,4.3221],[3333.13,2.2988],[3333.15,0.743],[3333.17,2.9167],[3333.18,6.5708],[3333.19,2.3121],[3333.2,0.5023],[3333.21,2.7033],[3333.24,10.0718]]},"raw":{}}
{"exchange":"binance","instance_id":"B","symbol":"ETH-USD","event_ts":1762349858.415,"seq":63766825096,"depth":{"last_seq":63766825096,"bids":[[3332.83,16.2605],[3332.82,0.0241],[3332.81,0.005],[3332.8,0.0032],[3332.79,0.0032],[3332.77,0.0016],[3332.76,0.0036],[3332.73,0.0032],[3332.72,0.005],[3332.7,0.0048],[3332.69,0.0048],[3332.68,0.1184],[3332.66,0.0032],[3332.65,0.5592],[3332.64,0.0052],[3332.62,0.0316],[3332.61,0.0016],[3332.6,0.0323],[3332.59,0.0016],[3332.57,0.045]],"asks":[[3332.84,84.42],[3332.85,2.6149],[3332.86,7.5053],[3332.92,0.0016],[3332.93,0.8846],[3332.96,0.0032],[3332.98,0.0549],[3332.99,0.5394],[3333.0,0.3096],[3333.01,0.004],[3333.02,0.0369],[3333.12,4.3221],[3333.13,2.2988],[3333.14,0.015],[3333.15,0.743],[3333.17,2.9167],[3333.18,6.5708],[3333.19,2.3121],[3333.2,0.5023],[3333.21,2.7033]]},"raw":{}}
{"exchange":"binance","instance_id":"B","symbol":"ETH-USD","event_ts":1762349858.515,"seq":63766825130,"depth":{"last_seq":63766825130,"bids":[[3332.83,16.2573],[3332.82,0.0225],[3332.81,0.0047],[3332.8,0.0032],[3332.79,0.0032],[3332.77,0.0016],[3332.76,0.0036],[3332.73,0.0016],[3332.72,0.0016],[3332.7,0.0048],[3332.69,0.0048],[3332.68,0.1184],[3332.66,0.0032],[3332.65,0.5592],[3332.64,0.0052],[3332.62,0.0334],[3332.61,0.0016],[3332.6,0.0357],[3332.59,0.0016],[3332.57,0.045]],"asks":[[3332.84,84.42],[3332.85,2.6149],[3332.86,7.5084],[3332.92,0.0016],[3332.93,0.8846],[3332.96,0.0032],[3332.98,0.0549],[3332.99,0.5394],[3333.0,0.3096],[3333.01,0.004],[3333.02,0.0369],[3333.12,4.3221],[3333.13,2.2988],[3333.14,0.015],[3333.15,0.743],[3333.17,2.9167],[3333.18,6.5708],[3333.19,2.3121],[3333.2,0.5023],[3333.21,2.7033]]},"raw":{}}
{"exchange":"binance","instance_id":"B","symbol":"ETH-USD","event_ts":1762349858.615,"seq":63766825139,"depth":{"last_seq":63766825139,"bids":[[3332.83,16.4082],[3332.82,0.0225],[3332.81,0.0047],[3332.8,0.0032],[3332.79,0.0032],[3332.77,0.0016],[3332.76,0.0036],[3332.73,0.0016],[3332.72,0.0016],[3332.7,0.0048],[3332.69,0.0048],[3332.68,0.1184],[3332.66,0.0032],[3332.65,0.5592],[3332.64,0.0052],[3332.62,0.0334],[3332.61,0.0016],[3332.6,0.0357],[3332.59,0.0016],[3332.57,0.045]],"asks":[[3332.84,84.408],[3332.85,2.6149],[3332.86,7.5084],[3332.92,0.0016],[3332.93,0.8846],[3332.96,0.0032],[3332.98,0.0549],[3332.99,0.5394],[3333.0,0.3096],[3333.01,0.004],[3333.02,0.0369],[3333.12,4.3221],[3333.13,2.2988],[3333.14,0.015],[3333.15,0.743],[3333.17,2.9167],[3333.18,6.5708],[3333.19,2.3121],[3333.2,0.5023],[3333.21,2.7033]]},"raw":{}}
{"exchange":"binance","instance_id":"B","symbol":"ETH-USD","event_ts":1762349858.715,"seq":63766825150,"depth":{"last_seq":63766825150,"bids":[[3332.83,16.4082],[3332.82,0.0225],[3332.81,0.0047],[3332.8,0.0032],[3332.79,0.0032],[3332.77,0.0016],[3332.76,0.0036],[3332.73,0.0016],[3332.72,0.0016],[3332.7,0.0048],[3332.69,0.0048],[3332.68,0.1184],[3332.66,0.0032],[3332.65,0.5592],[3332.64,0.0052],[3332.62,0.0334],[3332.61,0.0016],[3332.6,0.0357],[3332.59,0.0016],[3332.57,0.045]],"asks":[[3332.84,84.408],[3332.85,2.6149],[3332.86,7.5084],[3332.92,0.0016],[3332.93,0.8846],[3332.96,0.0032],[3332.98,0.0549],[3332.99,0.5394],[3333.0,0.3096],[3333.01,0.004],[3333.02,0.0369],[3333.12,4.3221],[3333.13,2.2988],[3333.14,0.015],[3333.15,0.743],[3333.17,2.9167],[3333.18,6.5708],[3333.19,2.3121],[3333.2,0.5023],[3333.21,2.7033]]},"raw":{}}
{"exchange":"binance","instance_id":"B","symbol":"ETH-USD","event_ts":1762349858.815,"seq":63766825177,"depth":{"last_seq":63766825177,"bids":[[3332.83,16.2706],[3332.82,0.0209],[3332.81,0.0047],[3332.8,0.0032],[3332.79,0.0032],[3332.77,0.0016],[3332.76,0.0036],[3332.73,0.0016],[3332.72,0.0016],[3332.7,0.0048],[3332.69,0.0048],[3332.68,0.1184],[3332.66,0.0032],[3332.65,0.5592],[3332.64,0.0052],[3332.62,0.0334],[3332.61,0.0016],[3332.6,0.0357],[3332.59,0.0016],[3332.57,0.045]],"asks":[[3332.84,84.408],[3332.85,2.6149],[3332.86,0.0064],[3332.92,0.0016],[3332.93,0.5901],[3332.96,0.0032],[3332.98,0.0549],[3332.99,0.5394],[3333.0,7.8113],[3333.01,0.004],[3333.02,0.0369],[3333.12,4.3221],[3333.13,2.2988],[3333.14,0.015],[3333.17,2.9167],[3333.18,6.5708],[3333.19,2.3121],[3333.2,0.5023],[3333.21,2.7033],[3333.24,10.0718]]},"raw":{}}
{"exchange":"binance","instance_id":"B","symbol":"ETH-USD","event_ts":1762349858.915,"seq":63766825189,"depth":{"last_seq":63766825189,"bids":[[3332.83,16.2706],[3332.82,0.0209],[3332.81,0.0047],[3332.8,0.0032],[3332.79,0.0032],[3332.77,0.0016],[3332.76,0.0036],[3332.73,0.0016],[3332.72,0.0016],[3332.7,0.0048],[3332.69,0.0048],[3332.68,0.1184],[3332.66,0.0032],[3332.65,0.5592],[3332.64,0.0052],[3332.62,0.0334],[3332.61,0.0016],[3332.6,0.0357],[3332.59,0.0016],[3332.57,0.045]],"asks":[[3332.84,84.408],[3332.85,2.6149],[3332.86,0.0047],[3332.92,0.0016],[3332.93,0.5901],[3332.96,0.0032],[3332.98,0.0549],[3332.99,0.5394],[3333.0,7.813],[3333.01,0.004],[3333.02,0.0369],[3333.12,4.3221],[3333.13,2.2988],[3333.14,0.015],[3333.17,2.9167],[3333.18,6.5708],[3333.19,2.3121],[3333.2,0.5023],[3333.21,2.7033],[3333.24,10.0718]]},"raw":{}}
{"exchange":"binance","instance_id":"B","symbol":"ETH-USD","event_ts":1762349859.015,"seq":63766825198,"depth":{"last_seq":63766825198,"bids":[[3332.83,16.2706],[3332.82,0.0209],[3332.81,0.0047],[3332.8,0.0032],[3332.79,0.0032],[3332.77,0.0016],[3332.76,0.0036],[3332.73,0.0016],[3332.72,0.0016],[3332.7,0.0048],[3332.69,0.0048],[3332.68,0.1184],[3332.66,0.0032],[3332.65,0.5592],[3332.64,0.0052],[3332.62,0.0334],[3332.61,0.0016],[3332.6,0.0357],[3332.59,0.0016],[3332.57,0.045]],"asks":[[3332.84,84.408],[3332.85,2.6149],[3332.86,0.0047],[3332.92,0.0016],[3332.93,0.5901],[3332.96,0.0032],[3332.98,0.0549],[3332.99,0.5394],[3333.0,7.813],[3333.01,0.004],[3333.02,0.0369],[3333.12,4.3221],[3333.13,2.2988],[3333.14,0.015],[3333.17,2.9167],[3333.18,6.5708],[3333.19,2.3121],[3333.2,0.5023],[3333.21,2.7033],[3333.24,10.0718]]},"raw":{}}
{"exchange":"binance","instance_id":"B","symbol":"ETH-USD","event_ts":1762349859.115,"seq":63766825205,"depth":{"last_seq":63766825205,"bids":[[3332.83,16.2706],[3332.82,0.0209],[3332.81,0.0047],[3332.8,0.0032],[3332.79,0.0032],[3332.77,0.0016],[3332.76,0.0036],[3332.73,0.0016],[3332.72,0.0016],[3332.7,0.0048],[3332.69,0.0048],[3332.68,0.1184],[3332.66,0.0032],[3332.65,0.5592],[3332.64,0.0052],[3332.62,0.0334],[3332.61,0.0016],[3332.6,0.0357],[3332.59,0.0016],[3332.57,0.045]],"asks":[[3332.84,84.358],[3332.85,2.6149],[3332.86,0.0047],[3332.92,0.0016],[3332.93,0.5901],[3332.96,0.0032],[3332.98,0.0549],[3332.99,0.5394],[3333.0,7.813],[3333.01,0.004],[3333.02,0.0369],[3333.12,4.3221],[3333.13,2.2988],[3333.14,0.015],[3333.17,2.9167],[3333.18,6.5708],[3333.19,2.3005],[3333.2,0.5023],[3333.21,2.7033],[3333.24,10.0718]]},"raw":{}}
{"exchange":"binance","instance_id":"B","symbol":"ETH-USD","event_ts":1762349859.215,"seq":63766825211,"depth":{"last_seq":63766825211,"bids":[[3332.83,16.2706],[3332.82,0.0209],[3332.81,0.0047],[3332.8,0.0032],[3332.79,0.0032],[3332.77,0.0016],[3332.76,0.0036],[3332.73,0.0016],[3332.72,0.0016],[3332.7,0.0048],[3332.69,0.0048],[3332.68,0.1184],[3332.66,0.0032],[3332.65,0.5592],[3332.64,0.0052],[3332.62,0.0334],[3332.61,0.0016],[3332.6,0.0357],[3332.59,0.0016],[3332.57,0.045]],"asks":[[3332.84,84.3597],[3332.85,2.6149],[3332.86,0.0047],[3332.92,0.0016],[3332.93,0.5901],[3332.96,0.0032],[3332.98,0.0549],[3332.99,0.5394],[3333.0,7.8246],[3333.01,0.004],[3333.02,0.0369],[3333.12,4.3221],[3333.13,2.2988],[3333.14,0.015],[3333.17,2.9167],[3333.18,6.5708],[3333.19,2.3005],[3333.2,0.5023],[3333.21,2.7033],[3333.24,10.0718]]},"raw":{}}
{"exchange":"binance","instance_id":"B","symbol":"ETH-USD","event_ts":1762349859.315,"seq":63766825223,"depth":{"last_seq":63766825223,"bids":[[3332.83,18.8305],[3332.82,0.0209],[3332.81,0.0047],[3332.8,0.0032],[3332.79,0.0032],[3332.77,0.0016],[3332.76,0.0036],[3332.73,0.0016],[3332.72,0.0016],[3332.7,0.0048],[3332.69,0.0048],[3332.68,0.1184],[3332.66,0.0032],[3332.65,0.5592],[3332.64,0.0052],[3332.62,0.0334],[3332.61,0.0016],[3332.6,0.0357],[3332.59,0.0016],[3332.57,0.045]],"asks":[[3332.84,84.3597],[3332.85,2.6149],[3332.86,0.0047],[3332.92,0.0016],[3332.93,0.5901],[3332.96,0.0032],[3332.98,0.0549],[3332.99,0.5394],[3333.0,7.8246],[3333.01,0.004],[3333.02,0.0369],[3333.12,4.3221],[3333.13,2.2988],[3333.14,0.015],[3333.17,2.9167],[3333.18,6.5708],[3333.19,2.3005],[3333.2,0.5023],[3333.21,2.7033],[3333.24,10.0718]]},"raw":{}}
{"exchange":"binance","instance_id":"B","symbol":"ETH-USD","event_ts":1762349859.415,"seq":63766825235,"depth":{"last_seq":63766825235,"bids":[[3332.83,17.3313],[3332.82,0.0209],[3332.81,0.0047],[3332.8,0.0032],[3332.79,0.0032],[3332.77,0.0016],[3332.76,0.0036],[3332.73,0.0016],[3332.72,0.0016],[3332.7,0.0048],[3332.69,0.0048],[3332.68,0.1184],[3332.66,0.0032],[3332.65,0.5592],[3332.64,0.0052],[3332.62,0.0334],[3332.61,0.0016],[3332.6,0.0357],[3332.59,0.0016],[3332.57,0.045]],"asks":[[3332.84,84.3537],[3332.85,2.6149],[3332.86,0.0047],[3332.92,0.0016],[3332.93,0.5901],[3332.96,0.0032],[3332.98,0.0549],[3332.99,0.5394],[3333.0,7.8246],[3333.01,0.004],[3333.02,0.0369],[3333.12,4.3221],[3333.13,2.2988],[3333.14,0.3214],[3333.17,2.9167],[3333.18,6.5708],[3333.19,2.3005],[3333.2,0.5023],[3333.21,2.7033],[3333.24,10.0718]]},"raw":{}}
{"exchange":"binance","instance_id":"B","symbol":"ETH-USD","event_ts":1762349859.515,"seq":63766825241,"depth":{"last_seq":63766825241,"bids":[[3332.83,17.3313],[3332.82,0.0209],[3332.81,0.0047],[3332.8,0.0032],[3332.79,0.0032],[3332.77,0.0016],[3332.76,0.0036],[3332.73,0.0016],[3332.72,0.0016],[3332.7,0.0048],[3332.69,0.0048],[3332.68,0.1184],[3332.66,0.0032],[3332.65,0.5592],[3332.64,0.0052],[3332.62,0.0334],[3332.61,0.0016],[3332.6,0.0357],[3332.59,0.0016],[3332.57,0.045]],"asks":[[3332.84,84.2374],[3332.85,2.6149],[3332.86,0.0047],[3332.92,0.0016],[3332.93,0.5901],[3332.96,0.0032],[3332.98,0.0549],[3332.99,0.5394],[3333.0,7.8246],[3333.01,0.004],[3333.02,0.0369],[3333.12,4.3221],[3333.13,2.2988],[3333.14,0.3214],[3333.17,2.9167],[3333.18,6.5708],[3333.19,2.3005],[3333.2,0.0023],[3333.21,2.7033],[3333.24,10.0718]]},"raw":{}}
{"exchange":"binance","instance_id":"B","symbol":"ETH-USD","event_ts":1762349859.615,"seq":63766825250,"depth":{"last_seq":63766825250,"bids":[[3332.83,17.3313],[3332.82,0.0209],[3332.81,0.0047],[3332.8,0.0032],[3332.79,0.0032],[3332.77,0.0016],[3332.76,0.0036],[3332.73,0.0016],[3332.72,0.0016],[3332.7,0.0048],[3332.69,0.0048],[3332.68,0.1184],[3332.66,0.0032],[3332.65,0.5592],[3332.64,0.0052],[3332.62,0.0334],[3332.61,0.0016],[3332.6,0.0357],[3332.59,0.0016],[3332.57,0.045]],"asks":[[3332.84,84.2222],[3332.85,2.6149],[3332.86,0.0047],[3332.92,0.0016],[3332.93,0.5901],[3332.96,0.0032],[3332.98,0.0549],[3332.99,0.5394],[3333.0,7.8246],[3333.01,0.004],[3333.02,0.0369],[3333.12,4.3221],[3333.13,2.2988],[3333.14,0.3214],[3333.17,2.9167],[3333.18,6.5708],[3333.19,2.3005],[3333.2,0.0023],[3333.21,2.7033],[3333.24,10.0718]]},"raw":{}}
{"exchange":"binance","instance_id":"B","symbol":"ETH-USD","event_ts":1762349859.715,"seq":63766825256,"depth":{"last_seq":63766825256,"bids":[[3332.83,17.3126],[3332.82,0.0209],[3332.81,0.0047],[3332.8,0.0032],[3332.79,0.0032],[3332.77,0.0016],[3332.76,0.0036],[3332.73,0.0016],[3332.72,0.0016],[3332.7,0.0048],[3332.69,0.0048],[3332.68,0.1184],[3332.66,0.0032],[3332.65,0.5592],[3332.64,0.0052],[3332.62,0.0334],[3332.61,0.0016],[3332.6,0.0357],[3332.59,0.0016],[3332.57,0.045]],"asks":[[3332.84,84.2222],[3332.85,2.6149],[3332.86,0.0047],[3332.92,0.0016],[3332.93,0.5901],[3332.96,0.0032],[3332.98,0.0549],[3332.99,0.5394],[3333.0,7.8246],[3333.01,0.004],[3333.02,0.0369],[3333.12,4.3221],[3333.13,2.2988],[3333.14,0.3214],[3333.17,2.9167],[3333.18,6.5708],[3333.19,2.3005],[3333.2,0.0023],[3333.21,2.7033],[3333.24,10.0718]]},"raw":{}}
{"exchange":"binance","instance_id":"B","symbol":"ETH-USD","event_ts":1762349859.815,"seq":63766825261,"depth":{"last_seq":63766825261,"bids":[[3332.83,17.3126],[3332.82,0.0209],[3332.81,0.0047],[3332.8,0.0032],[3332.79,0.0032],[3332.77,0.0016],[3332.76,0.0036],[3332.73,0.0016],[3332.72,0.0016],[3332.7,0.0048],[3332.69,0.0048],[3332.68,0.1184],[3332.66,0.0032],[3332.65,0.5592],[3332.64,0.0052],[3332.62,0.0334],[3332.61,0.0016],[3332.6,0.0357],[3332.59,0.0016],[3332.57,0.045]],"asks":[[3332.84,84.3115],[3332.85,2.6149],[3332.86,0.0047],[3332.92,0.0016],[3332.93,0.5901],[3332.96,0.0032],[3332.98,0.0549],[3332.99,0.5394],[3333.0,7.8246],[3333.01,0.004],[3333.02,0.0369],[3333.12,4.3221],[3333.13,2.2988],[3333.14,0.3214],[3333.17,2.9167],[3333.18,6.5708],[3333.19,2.3005],[3333.2,0.0023],[3333.21,2.7033],[3333.24,10.0718]]},"raw":{}}
{"exchange":"binance","instance_id":"B","symbol":"ETH-USD","event_ts":1762349859.915,"seq":63766825269,"depth":{"last_seq":63766825269,"bids":[[3332.83,17.3126],[3332.82,0.0209],[3332.81,0.0047],[3332.8,0.0032],[3332.79,0.0032],[3332.77,0.0016],[3332.76,0.0036],[3332.73,0.0016],[3332.72,0.0016],[3332.7,0.0048],[3332.69,0.0048],[3332.68,0.1184],[3332.66,0.0032],[3332.65,0.5592],[3332.64,0.0052],[3332.62,0.0334],[3332.61,0.0016],[3332.6,0.0357],[3332.59,0.0016],[3332.57,0.045]],"asks":[[3332.84,84.2756],[3332.85,2.6149],[3332.86,0.0047],[3332.92,0.0016],[3332.93,0.5901],[3332.96,0.0032],[3332.98,0.0549],[3332.99,0.5394],[3333.0,7.8246],[3333.01,0.004],[3333.02,0.0369],[3333.12,4.3221],[3333.13,2.2988],[3333.14,0.3214],[3333.17,2.9167],[3333.18,6.5708],[3333.19,2.3005],[3333.2,0.0023],[3333.21,2.7033],[3333.24,10.0718]]},"raw":{}}
{"exchange":"binance","instance_id":"B","symbol":"ETH-USD","event_ts":1762349860.015,"seq":63766825277,"depth":{"last_seq":63766825277,"bids":[[3332.83,17.3148],[3332.82,0.0209],[3332.81,0.0047],[3332.8,0.0032],[3332.79,0.0032],[3332.77,0.0016],[3332.76,0.0036],[3332.73,0.0016],[3332.72,0.0016],[3332.7,0.0048],[3332.69,0.0048],[3332.68,0.1184],[3332.66,0.0032],[3332.65,0.5592],[3332.64,0.0052],[3332.62,0.0334],[3332.61,0.0016],[3332.6,0.0357],[3332.59,0.0016],[3332.57,0.045]],"asks":[[3332.84,84.2553],[3332.85,2.6149],[3332.86,0.0047],[3332.92,0.0016],[3332.93,0.5901],[3332.96,0.0032],[3332.98,0.0549],[3332.99,0.5394],[3333.0,7.8246],[3333.01,0.004],[3333.02,0.0369],[3333.12,4.3221],[3333.13,2.2988],[3333.14,0.3214],[3333.17,2.9167],[3333.18,6.5708],[3333.19,2.3005],[3333.2,0.0023],[3333.21,2.7033],[3333.24,10.0718]]},"raw":{}}
{"exchange":"binance","instance_id":"B","symbol":"ETH-USD","event_ts":1762349860.115,"seq":63766825304,"depth":{"last_seq":63766825304,"bids":[[3332.83,14.833],[3332.82,0.0209],[3332.81,0.0047],[3332.8,0.0032],[3332.79,0.0032],[3332.77,0.0016],[3332.76,0.0036],[3332.73,0.0016],[3332.72,0.0016],[3332.7,0.0048],[3332.69,0.0048],[3332.68,0.12],[3332.66,0.0032],[3332.65,0.5592],[3332.64,0.0052],[3332.62,0.035],[3332.61,0.0016],[3332.6,0.0357],[3332.59,0.0016],[3332.57,0.0466]],"asks":[[3332.84,84.2553],[3332.85,2.6149],[3332.86,0.0047],[3332.92,0.0016],[3332.93,0.5901],[3332.96,0.0032],[3332.98,0.0549],[3332.99,0.5394],[3333.0,7.8246],[3333.01,0.004],[3333.02,0.0369],[3333.12,4.3221],[3333.13,2.2988],[3333.14,0.3214],[3333.17,2.9167],[3333.18,6.5708],[3333.19,2.3005],[3333.2,0.5023],[3333.21,2.7033],[3333.24,10.0718]]},"raw":{}}
{"exchange":"binance","instance_id":"B","symbol":"ETH-USD","event_ts":1762349860.215,"seq":63766825312,"depth":{"last_seq":63766825312,"bids":[[3332.83,14.833],[3332.82,0.0209],[3332.81,0.0047],[3332.8,0.0032],[3332.79,0.0032],[3332.77,0.0016],[3332.76,0.0036],[3332.73,0.0016],[3332.72,0.0016],[3332.7,0.0048],[3332.69,0.0048],[3332.68,0.12],[3332.66,0.0032],[3332.65,0.5592],[3332.64,0.0052],[3332.62,0.035],[3332.61,0.0016],[3332.6,0.0357],[3332.59,0.0016],[3332.57,0.0466]],"asks":[[3332.84,84.2553],[3332.85,2.6149],[3332.86,0.0047],[3332.92,0.0016],[3332.93,0.5901],[3332.96,0.0032],[3332.98,0.0549],[3332.99,0.5394],[3333.0,7.8246],[3333.01,0.0016],[3333.02,0.0369],[3333.12,4.3221],[3333.13,2.2988],[3333.14,0.3214],[3333.17,2.9167],[3333.18,6.5708],[3333.19,2.3005],[3333.2,0.5023],[3333.21,2.7033],[3333.24,10.0718]]},"raw":{}}
{"exchange":"binance","instance_id":"B","symbol":"ETH-USD","event_ts":1762349860.315,"seq":63766825322,"depth":{"last_seq":63766825322,"bids":[[3332.83,14.833],[3332.82,0.0209],[3332.81,0.0047],[3332.8,0.0032],[3332.79,0.0032],[3332.77,0.0016],[3332.76,0.0036],[3332.73,0.0016],[3332.72,0.0016],[3332.7,0.0048],[3332.69,0.0048],[3332.68,0.12],[3332.66,0.0032],[3332.65,0.5592],[3332.64,0.0052],[3332.62,0.035],[3332.61,0.0016],[3332.6,0.0357],[3332.59,0.0016],[3332.57,0.0466]],"asks":[[3332.84,84.2553],[3332.85,2.6149],[3332.86,0.0047],[3332.92,0.0016],[3332.93,0.5901],[3332.96,0.0032],[3332.98,0.0549],[3332.99,0.5394],[3333.0,7.8246],[3333.01,0.0016],[3333.02,0.0369],[3333.12,4.3221],[3333.13,2.2988],[3333.14,0.3214],[3333.17,2.9167],[3333.18,6.5708],[3333.19,2.3005],[3333.2,0.5023],[3333.21,2.7033],[3333.24,10.0718]]},"raw":{}}
{"exchange":"binance","instance_id":"B","symbol":"ETH-USD","event_ts":1762349860.415,"seq":63766825327,"depth":{"last_seq":63766825327,"bids":[[3332.83,14.833],[3332.82,0.0209],[3332.81,0.0047],[3332.8,0.0032],[3332.79,0.0032],[3332.77,0.0016],[3332.76,0.0036],[3332.73,0.0016],[3332.72,0.0016],[3332.7,0.0048],[3332.69,0.0048],[3332.68,0.12],[3332.66,0.0032],[3332.65,0.5592],[3332.64,0.0052],[3332.62,0.035],[3332.61,0.0016],[3332.6,0.0357],[3332.59,0.0016],[3332.57,0.0466]],"asks":[[3332.84,84.2553],[3332.85,2.6149],[3332.86,0.0047],[3332.92,0.0016],[3332.93,0.5901],[3332.96,0.0032],[3332.98,0.0549],[3332.99,0.5394],[3333.0,7.8246],[3333.01,0.0016],[3333.02,0.0369],[3333.12,4.3221],[3333.13,2.2988],[3333.14,0.3214],[3333.17,2.9167],[3333.18,6.5708],[3333.19,2.3005],[3333.2,0.5023],[3333.21,2.7033],[3333.24,10.0718]]},"raw":{}}
{"exchange":"binance","instance_id":"B","symbol":"ETH-USD","event_ts":1762349860.515,"seq":63766825343,"depth":{"last_seq":63766825343,"bids":[[3332.83,13.3322],[3332.82,0.0209],[3332.81,0.0047],[3332.8,0.0032],[3332.79,0.0032],[3332.77,0.0016],[3332.76,0.0036],[3332.73,0.0016],[3332.72,0.0016],[3332.7,0.0048],[3332.69,0.0048],[3332.68,0.105],[3332.66,0.0032],[3332.65,0.5592],[3332.64,0.0052],[3332.62,0.035],[3332.61,0.0016],[3332.6,0.0357],[3332.59,0.0016],[3332.57,0.0016]],"asks":[[3332.84,84.2553],[3332.85,2.6149],[3332.86,7.5067],[3332.92,0.0016],[3332.93,0.5901],[3332.96,0.0032],[3332.98,0.0549],[3332.99,0.5394],[3333.0,0.3229],[3333.01,0.0016],[3333.02,0.0369],[3333.12,4.3221],[3333.13,2.2988],[3333.14,0.3214],[3333.17,2.9167],[3333.18,6.5708],[3333.19,2.3005],[3333.2,0.5023],[3333.21,2.7033],[3333.24,10.0718]]},"raw":{}}
{"exchange":"binance","instance_id":"B","symbol":"ETH-USD","event_ts":1762349860.615,"seq":63766825369,"depth":{"last_seq":63766825369,"bids":[[3332.83,13.2925],[3332.82,0.0193],[3332.81,0.0047],[3332.8,0.0032],[3332.79,0.0032],[3332.77,0.0016],[3332.76,0.0036],[3332.73,0.0016],[3332.72,0.0016],[3332.7,0.0048],[3332.69,0.0048],[3332.68,0.105],[3332.66,0.0032],[3332.65,0.5592],[3332.64,0.0052],[3332.62,0.035],[3332.6,0.0323],[3332.59,0.0016],[3332.57,0.0016],[3332.56,0.0548]],"asks":[[3332.84,84.2507],[3332.85,2.6149],[3332.86,7.5084],[3332.92,0.0325],[3332.93,0.5901],[3332.96,0.0032],[3332.98,0.0549],[3332.99,0.5394],[3333.0,0.3212],[3333.01,0.0016],[3333.02,0.0369],[3333.12,4.3011],[3333.13,2.2964],[3333.14,0.3214],[3333.17,2.9167],[3333.18,6.5708],[3333.19,2.3005],[3333.2,0.5023],[3333.21,2.7033],[3333.24,10.0718]]},"raw":{}}
{"exchange":"binance","instance_id":"B","symbol":"ETH-USD","event_ts":1762349860.715,"seq":63766825388,"depth":{"last_seq":63766825388,"bids":[[3332.83,13.2927],[3332.82,0.0193],[3332.81,0.0047],[3332.8,0.0032],[3332.79,0.0032],[3332.77,0.0016],[3332.76,0.0036],[3332.73,0.0016],[3332.72,0.0016],[3332.7,0.0048],[3332.69,0.0048],[3332.68,0.105],[3332.66,0.0032],[3332.65,0.5592],[3332.64,0.0052],[3332.62,0.035],[3332.6,0.0357],[3332.59,0.0016],[3332.57,0.0016],[3332.56,0.0548]],"asks":[[3332.84,84.2507],[3332.85,2.6149],[3332.86,7.5084],[3332.92,0.0358],[3332.93,0.5901],[3332.96,0.0032],[3332.98,0.0549],[3332.99,0.5377],[3333.0,0.3212],[3333.01,0.0016],[3333.02,0.0369],[3333.12,4.3011],[3333.13,2.2964],[3333.14,0.3214],[3333.17,2.9167],[3333.18,6.5708],[3333.19,2.3005],[3333.2,0.5023],[3333.21,2.7033],[3333.24,10.0718]]},"raw":{}}
{"exchange":"binance","instance_id":"B","symbol":"ETH-USD","event_ts":1762349860.815,"seq":63766825392,"depth":{"last_seq":63766825392,"bids":[[3332.83,13.2927],[3332.82,0.0193],[3332.81,0.0047],[3332.8,0.0032],[3332.79,0.0032],[3332.77,0.0016],[3332.76,0.0036],[3332.73,0.0016],[3332.72,0.0016],[3332.7,0.0048],[3332.69,0.0048],[3332.68,0.105],[3332.66,0.0032],[3332.65,0.5592],[3332.64,0.0052],[3332.62,0.035],[3332.6,0.0357],[3332.59,0.0016],[3332.57,0.0016],[3332.56,0.0548]],"asks":[[3332.84,84.2507],[3332.85,2.6149],[3332.86,7.5084],[3332.92,0.0358],[3332.93,0.5901],[3332.96,0.0016],[3332.98,0.0549],[3332.99,0.5377],[3333.0,0.3212],[3333.01,0.0016],[3333.02,0.0369],[3333.12,4.3011],[3333.13,2.2964],[3333.14,0.3214],[3333.17,2.9167],[3333.18,6.5708],[3333.19,2.3005],[3333.2,0.5023],[3333.21,2.7033],[3333.24,10.0718]]},"raw":{}}
{"exchange":"binance","instance_id":"B","symbol":"ETH-USD","event_ts":1762349860.915,"seq":63766825402,"depth":{"last_seq":63766825402,"bids":[[3332.83,13.2827],[3332.82,0.0193],[3332.81,0.0047],[3332.8,0.0032],[3332.79,0.0032],[3332.77,0.0016],[3332.76,0.0036],[3332.73,0.0016],[3332.72,0.0016],[3332.7,0.0048],[3332.69,0.0048],[3332.68,0.105],[3332.66,0.0032],[3332.65,0.5592],[3332.64,0.0052],[3332.62,0.035],[3332.6,0.0357],[3332.59,0.0016],[3332.57,0.0016],[3332.56,0.0548]],"asks":[[3332.84,84.2507],[3332.85,2.6149],[3332.86,7.5084],[3332.92,0.0358],[3332.93,0.5901],[3332.96,0.0016],[3332.98,0.0549],[3332.99,0.5377],[3333.0,0.3212],[3333.01,0.0016],[3333.02,0.0369],[3333.12,4.3011],[3333.13,2.2964],[3333.14,0.3214],[3333.17,2.9167],[3333.18,6.5708],[3333.19,2.3005],[3333.2,0.5023],[3333.21,2.7033],[3333.24,10.0718]]},"raw":{}}
{"exchange":"binance","instance_id":"B","symbol":"ETH-USD","event_ts":1762349861.015,"seq":63766825410,"depth":{"last_seq":63766825410,"bids":[[3332.83,13.2827],[3332.82,0.0193],[3332.81,0.0047],[3332.8,0.0032],[3332.79,0.0032],[3332.77,0.0016],[3332.76,0.0036],[3332.73,0.0016],[3332.72,0.0016],[3332.7,0.0048],[3332.69,0.0048],[3332.68,0.105],[3332.66,0.0032],[3332.65,0.5592],[3332.64,0.0052],[3332.62,0.035],[3332.6,0.0357],[3332.59,0.0016],[3332.57,0.0016],[3332.56,0.0548]],"asks":[[3332.84,84.2507],[3332.85,2.6149],[3332.86,7.5084],[3332.92,0.0358],[3332.93,0.5901],[3332.96,0.0016],[3332.98,0.0549],[3332.99,0.5377],[3333.0,0.3212],[3333.01,0.0016],[3333.02,0.0369],[3333.12,4.3011],[3333.13,2.2964],[3333.14,0.3214],[3333.17,2.9167],[3333.18,6.5708],[3333.19,2.3005],[3333.2,0.5023],[3333.21,2.7033],[3333.24,10.0718]]},"raw":{}}
{"exchange":"binance","instance_id":"B","symbol":"ETH-USD","event_ts":1762349861.115,"seq":63766825417,"depth":{"last_seq":63766825417,"bids":[[3332.83,13.1649],[3332.82,0.0193],[3332.81,0.0047],[3332.8,0.0032],[3332.79,0.0032],[3332.77,0.0016],[3332.76,0.0036],[3332.73,0.0016],[3332.72,0.0016],[3332.7,0.0048],[3332.69,0.0048],[3332.68,0.105],[3332.66,0.0032],[3332.65,0.5592],[3332.64,0.0052],[3332.62,0.035],[3332.6,0.0357],[3332.59,0.0016],[3332.57,0.0016],[3332.56,0.0548]],"asks":[[3332.84,84.2507],[3332.85,2.6149],[3332.86,7.5084],[3332.92,0.0358],[3332.93,0.5901],[3332.96,0.0016],[3332.98,0.0549],[3332.99,0.5377],[3333.0,0.3212],[3333.01,0.0016],[3333.02,0.0369],[3333.12,4.3011],[3333.13,2.2964],[3333.14,0.3214],[3333.17,2.9167],[3333.18,6.5708],[3333.19,2.3005],[3333.2,0.5023],[3333.21,2.7033],[3333.24,10.0718]]},"raw":{}}
{"exchange":"binance","instance_id":"B","symbol":"ETH-USD","event_ts":1762349861.215,"seq":63766825422,"depth":{"last_seq":63766825422,"bids":[[3332.83,13.1649],[3332.82,0.0193],[3332.81,0.0047],[3332.8,0.0032],[3332.79,0.0032],[3332.77,0.0016],[3332.76,0.0036],[3332.73,0.0016],[3332.72,0.0016],[3332.7,0.0048],[3332.69,0.0048],[3332.68,0.105],[3332.66,0.0032],[3332.65,0.5592],[3332.64,0.0052],[3332.62,0.035],[3332.6,0.0357],[3332.59,0.0016],[3332.57,0.0016],[3332.56,0.0548]],"asks":[[3332.84,84.2507],[3332.85,2.6149],[3332.86,7.5084],[3332.92,0.0358],[3332.93,0.5925],[3332.96,0.0016],[3332.98,0.0549],[3332.99,0.5377],[3333.0,0.3212],[3333.01,0.0016],[3333.02,0.0369],[3333.12,4.3011],[3333.13,2.2964],[3333.14,0.3214],[3333.17,2.9167],[3333.18,6.5708],[3333.19,2.3005],[3333.2,0.5023],[3333.21,2.7033],[3333.24,10.0718]]},"raw":{}}
{"exchange":"binance","instance_id":"B","symbol":"ETH-USD","event_ts":1762349861.315,"seq":63766825427,"depth":{"last_seq":63766825427,"bids":[[3332.83,13.1649],[3332.82,0.0193],[3332.81,0.0047],[3332.8,0.0032],[3332.79,0.0032],[3332.77,0.0016],[3332.76,0.0036],[3332.73,0.0016],[3332.72,0.0016],[3332.7,0.0048],[3332.69,0.0048],[3332.68,0.105],[3332.66,0.0032],[3332.65,0.5592],[3332.64,0.0052],[3332.62,0.035],[3332.6,0.0357],[3332.59,0.0016],[3332.57,0.0016],[3332.56,0.0548]],"asks":[[3332.84,84.2507],[3332.85,2.6149],[3332.86,7.5084],[3332.92,0.0358],[3332.93,0.5925],[3332.96,0.0016],[3332.98,0.0549],[3332.99,0.5377],[3333.0,0.3212],[3333.01,0.0016],[3333.02,0.0369],[3333.12,4.3011],[3333.13,2.2964],[3333.14,0.3214],[3333.17,2.9167],[3333.18,6.5708],[3333.19,2.3005],[3333.2,0.5023],[3333.21,2.7033],[3333.24,10.0718]]},"raw":{}}
{"exchange":"binance","instance_id":"B","symbol":"ETH-USD","event_ts":1762349861.415,"seq":63766826041,"depth":{"last_seq":63766826041,"bids":[[3332.24,41.6492],[3332.23,0.0032],[3332.22,0.0064],[3332.21,0.0032],[3332.19,1.4992],[3332.18,0.31],[3332.17,12.3082],[3332.16,0.0071],[3332.15,0.0039],[3332.14,0.0516],[3332.12,0.0287],[3332.11,0.0032],[3332.1,31.2613],[3332.09,0.005],[3332.08,0.3465],[3332.07,0.0324],[3332.06,1.1001],[3332.03,0.0032],[3332.01,0.9296],[3332.0,2.4438]],"asks":[[3332.25,46.29],[3332.28,0.0032],[3332.29,0.0017],[3332.34,0.0033],[3332.35,0.0065],[3332.36,0.0033],[3332.38,0.0033],[3332.4,0.3084],[3332.41,0.3084],[3332.43,0.0016],[3332.49,0.0016],[3332.5,0.0032],[3332.51,0.3068],[3332.53,8.046],[3332.56,0.05],[3332.57,2.781],[3332.6,0.0016],[3332.61,0.0032],[3332.7,0.0516],[3332.71,7.5024]]},"raw":{}}
{"exchange":"binance","instance_id":"B","symbol":"ETH-USD","event_ts":1762349861.515,"seq":63766826512,"depth":{"last_seq":63766826512,"bids":[[3332.24,30.1356],[3332.23,0.0047],[3332.22,0.0032],[3332.21,0.0032],[3332.2,0.0032],[3332.19,0.0082],[3332.18,0.0098],[3332.17,0.479],[3332.16,0.0071],[3332.15,0.0039],[3332.14,0.0566],[3332.12,0.0034],[3332.11,10.0576],[3332.1,0.0016],[3332.09,0.005],[3332.08,1.4016],[3332.07,0.034],[3332.06,0.5],[3332.03,0.0032],[3332.01,2.5296]],"asks":[[3332.25,33.5687],[3332.26,0.0031],[3332.27,0.0031],[3332.28,0.0016],[3332.29,0.0016],[3332.34,0.0016],[3332.35,0.0016],[3332.36,0.0016],[3332.38,0.0016],[3332.39,0.0032],[3332.4,0.0065],[3332.41,0.0049],[3332.42,0.003],[3332.43,0.0016],[3332.45,0.2],[3332.48,0.0369],[3332.51,0.0017],[3332.52,3.2482],[3332.53,0.0017],[3332.56,0.0517]]},"raw":{}}
{"exchange":"binance","instance_id":"B","symbol":"ETH-USD","event_ts":1762349861.615,"seq":63766826695,"depth":{"last_seq":63766826695,"bids":[[3332.24,31.2261],[3332.23,0.0047],[3332.22,0.0063],[3332.21,0.0016],[3332.2,0.0016],[3332.19,0.0016],[3332.18,0.0064],[3332.17,0.479],[3332.16,0.0071],[3332.15,0.3119],[3332.14,0.055],[3332.12,0.0032],[3332.11,1.3423],[3332.1,0.0016],[3332.09,0.0082],[3332.08,1.405],[3332.07,0.0374],[3332.03,0.0032],[3332.02,0.0032],[3332.01,2.5312]],"asks":[[3332.25,33.6244],[3332.26,0.0047],[3332.27,0.0047],[3332.28,0.0016],[3332.29,0.0016],[3332.34,0.0016],[3332.35,0.0016],[3332.36,0.0016],[3332.38,0.0016],[3332.39,0.0016],[3332.41,0.0016],[3332.42,0.003],[3332.44,0.0032],[3332.45,0.2017],[3332.48,0.0386],[3332.51,0.0032],[3332.52,0.9101],[3332.56,0.0532],[3332.57,2.781],[3332.58,0.0306]]},"raw":{}}
{"exchange":"binance","instance_id":"B","symbol":"ETH-USD","event_ts":1762349861.715,"seq":63766826736,"depth":{"last_seq":63766826736,"bids":[[3332.24,31.6994],[3332.23,0.0047],[3332.22,0.0063],[3332.21,0.0016],[3332.2,0.0016],[3332.19,0.0016],[3332.18,0.0064],[3332.17,0.4806],[3332.16,0.0103],[3332.15,0.3153],[3332.14,0.055],[3332.12,0.0032],[3332.11,1.3423],[3332.1,0.0016],[3332.09,0.0082],[3332.08,1.405],[3332.07,0.0324],[3332.03,0.0032],[3332.02,0.0032],[3332.01,2.5296]],"asks":[[3332.25,33.6244],[3332.26,0.0047],[3332.27,0.0047],[3332.28,0.0016],[3332.29,0.0016],[3332.34,0.0016],[3332.35,0.0016],[3332.36,0.0016],[3332.38,0.0016],[3332.39,0.0016],[3332.41,0.0016],[3332.42,0.003],[3332.44,0.0032],[3332.45,0.2017],[3332.48,0.0386],[3332.51,0.0032],[3332.52,0.9101],[3332.56,0.0549],[3332.57,2.7827],[3332.58,0.0306]]},"raw":{}}
{"exchange":"binance","instance_id":"B","symbol":"ETH-USD","event_ts":1762349861.815,"seq":63766826766,"depth":{"last_seq":63766826766,"bids":[[3332.24,39.3412],[3332.23,0.0047],[3332.22,0.0063],[3332.21,0.0016],[3332.2,0.0032],[3332.19,0.0016],[3332.18,0.0064],[3332.17,0.4806],[3332.16,0.0137],[3332.15,0.3153],[3332.14,0.055],[3332.12,0.0032],[3332.11,1.3423],[3332.09,0.0082],[3332.08,1.4016],[3332.07,0.0324],[3332.03,0.0032],[3332.02,0.0032],[3332.01,2.5296],[3332.0,3.2115]],"asks":[[3332.25,23.9443],[3332.26,0.0047],[3332.27,0.0047],[3332.28,0.0016],[3332.29,0.0016],[3332.34,0.0016],[3332.35,0.0016],[3332.36,0.0016],[3332.38,0.0016],[3332.39,0.0016],[3332.41,0.0016],[3332.42,0.003],[3332.44,0.0032],[3332.45,0.2017],[3332.48,0.0386],[3332.51,0.0032],[3332.52,0.9101],[3332.56,0.0549],[3332.57,2.7827],[3332.58,0.0306]]},"raw":{}}
{"exchange":"binance","instance_id":"B","symbol":"ETH-USD","event_ts":1762349861.915,"seq":63766826782,"depth":{"last_seq":63766826782,"bids":[[3332.24,39.3412],[3332.23,0.0047],[3332.22,0.0063],[3332.21,0.0016],[3332.2,0.0032],[3332.19,0.0016],[3332.18,0.0064],[3332.17,0.4822],[3332.16,0.0137],[3332.15,0.3153],[3332.14,0.055],[3332.12,0.0032],[3332.11,1.3423],[3332.09,0.0082],[3332.08,1.4016],[3332.07,0.0324],[3332.03,0.0032],[3332.02,0.0032],[3332.01,2.5296],[3332.0,3.2115]],"asks":[[3332.25,22.9443],[3332.26,0.0047],[3332.27,0.0047],[3332.28,0.0016],[3332.29,0.0016],[3332.34,0.0016],[3332.35,0.0016],[3332.36,0.0016],[3332.38,0.0016],[3332.39,0.0016],[3332.41,0.0016],[3332.42,0.003],[3332.44,0.0032],[3332.45,0.2017],[3332.48,0.0386],[3332.51,0.0032],[3332.52,0.9101],[3332.56,0.0549],[3332.57,2.7827],[3332.58,0.0306]]},"raw":{}}
{"exchange":"binance","instance_id":"B","symbol":"ETH-USD","event_ts":1762349862.015,"seq":63766826804,"depth":{"last_seq":63766826804,"bids":[[3332.24,39.3412],[3332.23,0.0047],[3332.22,0.0063],[3332.21,0.0016],[3332.2,0.0032],[3332.19,0.0016],[3332.18,0.0064],[3332.17,0.4822],[3332.16,0.0137],[3332.15,0.9019],[3332.14,0.055],[3332.12,0.0032],[3332.11,1.3423],[3332.09,0.0082],[3332.08,1.4016],[3332.07,0.0324],[3332.03,0.0032],[3332.02,0.0032],[3332.01,2.5296],[3332.0,3.2115]],"asks":[[3332.25,23.0773],[3332.26,0.0047],[3332.27,0.0047],[3332.28,0.0016],[3332.29,0.0016],[3332.34,0.0016],[3332.35,0.0016],[3332.36,0.0016],[3332.38,0.0016],[3332.39,0.0016],[3332.41,0.0016],[3332.42,0.559],[3332.44,0.0032],[3332.45,0.2017],[3332.48,0.0386],[3332.51,0.0032],[3332.52,0.9101],[3332.56,0.0549],[3332.57,2.7827],[3332.58,0.0306]]},"raw":{}}
{"exchange":"binance","instance_id":"B","symbol":"ETH-USD","event_ts":1762349862.115,"seq":63766826818,"depth":{"last_seq":63766826818,"bids":[[3332.24,39.473],[3332.23,0.0047],[3332.22,0.0063],[3332.21,0.0016],[3332.2,0.0032],[3332.19,0.0016],[3332.18,0.0064],[3332.17,0.4822],[3332.16,0.0137],[3332.15,0.9019],[3332.14,0.055],[3332.12,0.0032],[3332.11,1.3423],[3332.09,0.0082],[3332.08,1.4016],[3332.07,0.0324],[3332.03,0.0032],[3332.02,0.0032],[3332.01,2.5296],[3332.0,3.2115]],"asks":[[3332.25,23.0474],[3332.26,0.0047],[3332.27,0.0047],[3332.28,0.0016],[3332.29,0.0016],[3332.34,0.0016],[3332.35,0.0016],[3332.36,0.0016],[3332.38,0.0016],[3332.39,0.0016],[3332.41,0.0048],[3332.42,0.5607],[3332.44,0.0032],[3332.45,0.2017],[3332.48,0.0386],[3332.51,0.0032],[3332.52,0.9101],[3332.56,0.0549],[3332.57,2.781],[3332.58,0.0306]]},"raw":{}}
{"exchange":"binance","instance_id":"B","symbol":"ETH-USD","event_ts":1762349862.215,"seq":63766826829,"depth":{"last_seq":63766826829,"bids":[[3332.24,39.473],[3332.23,0.0047],[3332.22,0.0063],[3332.21,0.0016],[3332.2,0.0032],[3332.19,0.0016],[3332.18,0.0064],[3332.17,0.4822],[3332.16,0.0137],[3332.15,0.9019],[3332.14,0.055],[3332.12,0.0032],[3332.11,1.3423],[3332.09,0.0082],[3332.08,1.4016],[3332.07,0.0324],[3332.03,0.0032],[3332.02,0.0032],[3332.01,2.5296],[3332.0,3.2115]],"asks":[[3332.25,23.0474],[3332.26,0.0047],[3332.27,0.0047],[3332.28,0.0016],[3332.29,0.0016],[3332.34,0.0016],[3332.35,0.0016],[3332.36,0.0016],[3332.38,0.0016],[3332.39,0.0016],[3332.41,0.0048],[3332.42,0.5607],[3332.44,0.0032],[3332.45,0.2017],[3332.48,0.0386],[3332.51,0.0032],[3332.52,0.9101],[3332.56,0.0549],[3332.57,2.781],[3332.58,0.0306]]},"raw":{}}
{"exchange":"binance","instance_id":"B","symbol":"ETH-USD","event_ts":1762349862.315,"seq":63766826839,"depth":{"last_seq":63766826839,"bids":[[3332.24,39.473],[3332.23,0.0047],[3332.22,0.0063],[3332.21,0.0016],[3332.2,0.0032],[3332.19,0.0016],[3332.18,0.0064],[3332.17,0.4822],[3332.16,0.0137],[3332.15,0.9019],[3332.14,0.055],[3332.12,0.0032],[3332.11,1.3423],[3332.09,0.0082],[3332.08,1.4016],[3332.07,0.0324],[3332.03,0.0032],[3332.02,0.0032],[3332.01,2.5296],[3332.0,3.2115]],"asks":[[3332.25,23.0474],[3332.26,0.0047],[3332.27,0.0047],[3332.28,0.0016],[3332.29,0.0016],[3332.34,0.0016],[3332.35,0.0016],[3332.36,0.0016],[3332.38,0.0016],[3332.39,0.0016],[3332.41,0.0048],[3332.42,0.5607],[3332.44,0.0032],[3332.45,0.2017],[3332.48,0.0386],[3332.51,0.0032],[3332.52,4.3557],[3332.56,0.0549],[3332.57,2.781],[3332.58,0.0306]]},"raw":{}}
{"exchange":"binance","instance_id":"B","symbol":"ETH-USD","event_ts":1762349862.415,"seq":63766826854,"depth":{"last_seq":63766826854,"bids":[[3332.24,39.473],[3332.23,0.0047],[3332.22,0.0063],[3332.21,0.0016],[3332.2,0.0032],[3332.19,0.0016],[3332.18,0.0064],[3332.17,0.4822],[3332.16,0.0153],[3332.15,0.9019],[3332.14,0.055],[3332.12,0.0032],[3332.11,1.3423],[3332.09,0.0082],[3332.08,1.4016],[3332.07,0.0324],[3332.03,0.0032],[3332.02,0.0032],[3332.01,2.5296],[3332.0,3.2115]],"asks":[[3332.25,23.0474],[3332.26,0.0047],[3332.27,0.0047],[3332.28,0.0016],[3332.29,0.0016],[3332.34,0.0016],[3332.35,0.0016],[3332.36,0.0016],[3332.38,0.0016],[3332.39,0.0016],[3332.41,0.0048],[3332.42,0.5607],[3332.44,0.0032],[3332.45,0.2017],[3332.48,0.0386],[3332.51,0.0032],[3332.52,4.3557],[3332.56,0.0517],[3332.57,2.781],[3332.58,0.0306]]},"raw":{}}
{"exchange":"binance","instance_id":"B","symbol":"ETH-USD","event_ts":1762349862.515,"seq":63766826877,"depth":{"last_seq":63766826877,"bids":[[3332.24,39.473],[3332.23,0.0047],[3332.22,0.0063],[3332.21,0.0016],[3332.2,0.0032],[3332.19,0.0016],[3332.18,0.0064],[3332.17,0.4822],[3332.16,0.0153],[3332.15,0.9019],[3332.14,0.055],[3332.12,0.0032],[3332.11,1.3423],[3332.09,0.0082],[3332.08,1.4016],[3332.07,0.0324],[3332.03,0.0032],[3332.02,0.0032],[3332.01,2.5296],[3332.0,3.2115]],"asks":[[3332.25,23.0474],[3332.26,0.0047],[3332.27,0.0047],[3332.28,0.0016],[3332.29,0.0016],[3332.34,0.0016],[3332.35,0.0016],[3332.36,0.0016],[3332.38,0.0016],[3332.39,0.0016],[3332.41,0.0048],[3332.42,0.5607],[3332.44,0.0032],[3332.45,0.2017],[3332.48,0.0386],[3332.51,0.0032],[3332.52,4.3557],[3332.56,0.0517],[3332.57,10.2837],[3332.58,0.0306]]},"raw":{}}
{"exchange":"binance","instance_id":"B","symbol":"ETH-USD","event_ts":1762349862.615,"seq":63766826922,"depth":{"last_seq":63766826922,"bids":[[3332.24,37.9816],[3332.23,0.0047],[3332.22,0.0063],[3332.21,0.0016],[3332.2,0.0032],[3332.19,0.0016],[3332.18,0.0064],[3332.17,0.4822],[3332.16,0.0153],[3332.15,0.9019],[3332.14,0.055],[3332.12,0.0032],[3332.11,1.3423],[3332.09,0.0082],[3332.08,1.4016],[3332.07,0.0324],[3332.03,0.0032],[3332.02,0.0032],[3332.01,2.5296],[3332.0,4.7887]],"asks":[[3332.25,23.0474],[3332.26,0.0047],[3332.27,0.0047],[3332.28,0.0016],[3332.29,0.0016],[3332.34,0.0016],[3332.35,0.0016],[3332.36,0.0016],[3332.38,0.0016],[3332.39,0.0016],[3332.41,0.0048],[3332.42,0.5607],[3332.44,0.0032],[3332.45,0.2017],[3332.48,0.0386],[3332.51,0.0032],[3332.52,0.0017],[3332.56,8.2976],[3332.57,10.2837],[3332.58,0.0306]]},"raw":{}}
{"exchange":"binance","instance_id":"B","symbol":"ETH-USD","event_ts":1762349862.715,"seq":63766826941,"depth":{"last_seq":63766826941,"bids":[[3332.24,31.4316],[3332.23,0.0047],[3332.22,0.0063],[3332.21,0.0016],[3332.2,0.0032],[3332.19,0.0016],[3332.18,0.0064],[3332.17,0.4822],[3332.16,0.0153],[3332.15,0.9019],[3332.14,0.055],[3332.12,0.0032],[3332.11,1.3423],[3332.09,0.0082],[3332.08,1.4016],[3332.07,0.0324],[3332.03,0.0032],[3332.02,0.0032],[3332.01,2.5296],[3332.0,4.7887]],"asks":[[3332.25,23.0474],[3332.26,0.0047],[3332.27,0.0047],[3332.28,0.0016],[3332.29,0.0016],[3332.34,0.0016],[3332.35,0.0016],[3332.36,0.0016],[3332.38,0.0016],[3332.39,0.0016],[3332.41,0.0048],[3332.42,0.5607],[3332.44,0.0032],[3332.45,0.2017],[3332.48,0.0386],[3332.56,8.2976],[3332.57,10.2854],[3332.58,0.0306],[3332.59,0.1],[3332.6,0.0016]]},"raw":{}}
{"exchange":"binance","instance_id":"B","symbol":"ETH-USD","event_ts":1762349862.815,"seq":63766826953,"depth":{"last_seq":63766826953,"bids":[[3332.24,31.4316],[3332.23,0.0047],[3332.22,0.0063],[3332.21,0.0016],[3332.2,0.0032],[3332.19,0.0016],[3332.18,0.0064],[3332.17,0.4822],[3332.16,0.0153],[3332.15,0.9019],[3332.14,0.055],[3332.12,0.0032],[3332.11,1.3423],[3332.09,0.0082],[3332.08,1.4016],[3332.07,0.0324],[3332.03,0.0032],[3332.02,0.0032],[3332.01,2.5296],[3332.0,4.7887]],"asks":[[3332.25,22.6951],[3332.26,0.0047],[3332.27,0.3489],[3332.28,0.0016],[3332.29,0.0016],[3332.34,0.0016],[3332.35,0.0016],[3332.36,0.0016],[3332.38,0.0016],[3332.39,0.0016],[3332.41,0.0048],[3332.42,0.5607],[3332.44,0.0032],[3332.45,0.2017],[3332.48,0.0386],[3332.56,8.2976],[3332.57,10.2854],[3332.58,0.0306],[3332.59,0.1],[3332.6,0.0016]]},"raw":{}}
{"exchange":"binance","instance_id":"B","symbol":"ETH-USD","event_ts":1762349862.915,"seq":63766826967,"depth":{"last_seq":63766826967,"bids":[[3332.24,31.4316],[3332.23,0.0047],[3332.22,0.0063],[3332.21,0.0016],[3332.2,0.0032],[3332.19,0.0016],[3332.18,0.0064],[3332.17,0.4822],[3332.16,0.0153],[3332.15,0.9019],[3332.14,0.055],[3332.12,0.0032],[3332.11,2.4525],[3332.09,0.0082],[3332.08,1.4016],[3332.07,0.0324],[3332.03,0.0032],[3332.02,0.0032],[3332.01,2.5296],[3332.0,4.7887]],"asks":[[3332.25,22.6968],[3332.26,0.0079],[3332.27,0.3506],[3332.28,0.0016],[3332.29,0.0032],[3332.34,0.0016],[3332.35,0.0016],[3332.36,0.0016],[3332.38,0.0016],[3332.39,0.0016],[3332.41,0.0048],[3332.42,0.5607],[3332.44,0.0032],[3332.45,0.2017],[3332.48,0.0386],[3332.56,8.2976],[3332.57,10.2837],[3332.58,0.0306],[3332.59,0.1],[3332.6,0.0016]]},"raw":{}}
{"exchange":"binance","instance_id":"B","symbol":"ETH-USD","event_ts":1762349863.015,"seq":63766826998,"depth":{"last_seq":63766826998,"bids":[[3332.24,31.4433],[3332.23,0.0047],[3332.22,0.0063],[3332.21,0.0016],[3332.2,0.0032],[3332.19,0.0016],[3332.18,0.0064],[3332.17,0.4822],[3332.16,0.0153],[3332.15,0.9019],[3332.14,0.055],[3332.12,0.0032],[3332.11,1.3423],[3332.09,0.0082],[3332.08,1.4016],[3332.07,0.0324],[3332.03,0.0032],[3332.02,0.0032],[3332.01,2.5296],[3332.0,4.7887]],"asks":[[3332.25,4.0283],[3332.26,0.0079],[3332.27,0.3506],[3332.28,0.0016],[3332.29,0.0032],[3332.34,0.0016],[3332.35,0.0016],[3332.36,0.0016],[3332.38,1.5604],[3332.39,0.0016],[3332.41,0.0048],[3332.42,0.5607],[3332.44,0.0032],[3332.45,0.0017],[3332.48,0.0386],[3332.55,2.1616],[3332.56,8.2992],[3332.57,7.5027],[3332.58,0.0306],[3332.59,0.1]]},"raw":{}}
{"exchange":"binance","instance_id":"B","symbol":"ETH-USD","event_ts":1762349863.115,"seq":63766827036,"depth":{"last_seq":63766827036,"bids":[[3332.24,31.4],[3332.23,0.0047],[3332.22,0.0063],[3332.21,0.0016],[3332.2,0.0032],[3332.19,0.0016],[3332.18,0.0064],[3332.17,0.4822],[3332.16,0.0153],[3332.15,0.9019],[3332.14,0.055],[3332.13,1.496],[3332.12,0.0032],[3332.11,1.3423],[3332.09,0.0082],[3332.08,1.4016],[3332.07,0.0324],[3332.03,0.0032],[3332.02,0.0032],[3332.01,2.5296]],"asks":[[3332.25,4.0283],[3332.26,0.0079],[3332.27,0.3506],[3332.28,0.0016],[3332.29,0.0032],[3332.34,0.0016],[3332.35,0.0016],[3332.36,0.0016],[3332.37,0.0032],[3332.38,1.5621],[3332.39,0.0016],[3332.41,0.0048],[3332.42,0.5607],[3332.48,0.0386],[3332.54,0.0032],[3332.55,2.1633],[3332.56,8.2959],[3332.58,0.0306],[3332.59,0.1],[3332.6,0.0016]]},"raw":{}}
{"exchange":"binance","instance_id":"B","symbol":"ETH-USD","event_ts":1762349863.215,"seq":63766827075,"depth":{"last_seq":63766827075,"bids":[[3332.24,31.4],[3332.23,0.0047],[3332.22,0.0063],[3332.21,0.0016],[3332.2,0.0032],[3332.19,0.0016],[3332.18,0.0064],[3332.17,0.4822],[3332.16,0.0153],[3332.15,0.9019],[3332.14,0.0598],[3332.13,1.4994],[3332.12,0.0032],[3332.11,1.3389],[3332.09,0.0082],[3332.08,1.4016],[3332.07,0.0324],[3332.03,0.0032],[3332.01,2.5296],[3332.0,4.7887]],"asks":[[3332.25,6.308],[3332.26,0.0079],[3332.27,0.3506],[3332.28,0.0016],[3332.29,0.0032],[3332.34,0.0016],[3332.35,0.0016],[3332.36,0.0016],[3332.37,0.0048],[3332.38,1.5621],[3332.41,0.0048],[3332.42,0.5607],[3332.48,0.0386],[3332.54,1.9217],[3332.55,2.1633],[3332.56,0.9584],[3332.58,0.0306],[3332.59,0.1],[3332.6,0.0016],[3332.61,5.1899]]},"raw":{}}
{"exchange":"binance","instance_id":"B","symbol":"ETH-USD","event_ts":1762349863.315,"seq":63766827093,"depth":{"last_seq":63766827093,"bids":[[3332.24,31.4],[3332.23,0.0047],[3332.22,0.0063],[3332.21,0.0016],[3332.2,0.0032],[3332.19,0.0016],[3332.18,0.0064],[3332.17,0.4822],[3332.16,0.0153],[3332.15,0.9019],[3332.14,0.0598],[3332.13,1.4994],[3332.12,0.0032],[3332.11,1.3389],[3332.09,0.0082],[3332.08,1.4016],[3332.07,0.0324],[3332.03,0.0032],[3332.01,2.5296],[3332.0,4.7887]],"asks":[[3332.25,6.308],[3332.26,0.0079],[3332.27,0.3506],[3332.28,0.0016],[3332.29,0.0032],[3332.34,0.0016],[3332.35,0.0016],[3332.36,0.0016],[3332.37,0.0048],[3332.38,1.5621],[3332.41,0.0048],[3332.42,0.5607],[3332.48,0.0386],[3332.53,0.0032],[3332.54,1.9234],[3332.55,2.1584],[3332.56,0.9584],[3332.58,0.0306],[3332.59,0.1],[3332.6,0.0016]]},"raw":{}}
{"exchange":"binance","instance_id":"B","symbol":"ETH-USD","event_ts":1762349863.415,"seq":63766827108,"depth":{"last_seq":63766827108,"bids":[[3332.24,31.4],[3332.23,0.0047],[3332.22,0.0063],[3332.21,0.0016],[3332.2,0.0032],[3332.19,0.0016],[3332.18,0.0064],[3332.17,0.4822],[3332.16,0.0153],[3332.15,0.9019],[3332.14,0.0598],[3332.13,1.4994],[3332.12,0.0032],[3332.11,1.3389],[3332.09,0.0082],[3332.08,1.4016],[3332.07,0.0324],[3332.03,0.0032],[3332.01,2.5296],[3332.0,4.7887]],"asks":[[3332.25,6.308],[3332.26,0.0079],[3332.27,0.3506],[3332.28,0.0016],[3332.29,0.0032],[3332.34,0.0016],[3332.35,0.0016],[3332.36,0.0016],[3332.37,0.0048],[3332.38,1.5621],[3332.41,0.0048],[3332.42,0.5607],[3332.48,0.0386],[3332.53,1.8018],[3332.54,1.9202],[3332.55,0.0016],[3332.56,0.9584],[3332.58,0.0306],[3332.59,0.1016],[3332.6,0.0016]]},"raw":{}}
{"exchange":"binance","instance_id":"B","symbol":"ETH-USD","event_ts":1762349863.515,"seq":63766827130,"depth":{"last_seq":63766827130,"bids":[[3332.24,31.4],[3332.23,0.0047],[3332.22,0.0063],[3332.21,0.0016],[3332.2,0.0032],[3332.19,0.0016],[3332.18,0.0064],[3332.17,0.4822],[3332.16,0.0153],[3332.15,0.9019],[3332.14,0.0598],[3332.13,1.4994],[3332.12,0.0032],[3332.11,1.3389],[3332.09,0.0082],[3332.08,1.4016],[3332.07,0.0324],[3332.03,0.0032],[3332.01,2.5296],[3332.0,4.7887]],"asks":[[3332.25,4.0245],[3332.26,0.0079],[3332.27,0.3506],[3332.28,0.0016],[3332.29,0.0032],[3332.34,0.0016],[3332.35,0.0016],[3332.36,0.0016],[3332.37,0.0048],[3332.38,1.5621],[3332.41,0.0048],[3332.42,0.5607],[3332.48,0.0386],[3332.52,0.0032],[3332.53,1.8035],[3332.54,1.9335],[3332.56,0.9584],[3332.58,0.0306],[3332.59,0.1016],[3332.6,0.0016]]},"raw":{}}
{"exchange":"binance","instance_id":"B","symbol":"ETH-USD","event_ts":1762349863.615,"seq":63766827149,"depth":{"last_seq":63766827149,"bids":[[3332.24,29.899],[3332.23,0.0047],[3332.22,0.0063],[3332.21,0.0016],[3332.2,0.0032],[3332.19,0.0016],[3332.18,0.0064],[3332.17,0.4822],[3332.16,0.0153],[3332.15,0.9019],[3332.14,0.0598],[3332.13,1.4994],[3332.12,0.0032],[3332.11,1.3389],[3332.09,0.0082],[3332.08,1.4016],[3332.07,0.0324],[3332.03,0.0032],[3332.01,2.5296],[3332.0,4.7887]],"asks":[[3332.25,6.5169],[3332.26,0.0079],[3332.27,0.3506],[3332.28,0.0016],[3332.29,0.0032],[3332.34,0.0016],[3332.35,0.0016],[3332.36,0.0016],[3332.37,0.0048],[3332.38,1.5621],[3332.41,0.0048],[3332.42,0.5607],[3332.48,0.0386],[3332.52,1.6819],[3332.53,1.8003],[3332.54,0.015],[3332.55,0.0016],[3332.56,0.9584],[3332.58,0.0306],[3332.59,0.1016]]},"raw":{}}
{"exchange":"binance","instance_id":"B","symbol":"ETH-USD","event_ts":1762349863.715,"seq":63766827171,"depth":{"last_seq":63766827171,"bids":[[3332.24,31.7322],[3332.23,0.0047],[3332.22,0.0063],[3332.21,0.0016],[3332.2,0.0032],[3332.19,0.0016],[3332.18,0.0064],[3332.17,0.4822],[3332.16,0.0153],[3332.15,0.9019],[3332.14,0.0598],[3332.13,1.4994],[3332.12,0.0032],[3332.11,1.3389],[3332.09,0.0082],[3332.08,1.4016],[3332.07,0.0324],[3332.03,0.0032],[3332.01,2.5296],[3332.0,4.7887]],"asks":[[3332.25,7.32],[3332.26,0.0079],[3332.27,0.3506],[3332.28,0.0016],[3332.29,0.0032],[3332.34,0.0016],[3332.35,0.0016],[3332.36,0.0016],[3332.37,0.0048],[3332.38,1.5621],[3332.41,0.0048],[3332.42,0.5607],[3332.48,0.0386],[3332.51,0.0032],[3332.52,1.6836],[3332.53,1.7986],[3332.54,0.015],[3332.56,0.9584],[3332.57,7.5027],[3332.58,0.0306]]},"raw":{}}
{"exchange":"binance","instance_id":"B","symbol":"ETH-USD","event_ts":1762349863.815,"seq":63766827184,"depth":{"last_seq":63766827184,"bids":[[3332.24,32.824],[3332.23,0.0047],[3332.22,0.0063],[3332.21,0.0016],[3332.2,0.0032],[3332.19,0.0016],[3332.18,0.0064],[3332.17,0.4822],[3332.16,0.0153],[3332.15,0.9019],[3332.14,0.0598],[3332.13,1.4994],[3332.12,0.0032],[3332.11,1.3389],[3332.09,0.0082],[3332.08,1.4016],[3332.07,0.0324],[3332.03,0.0032],[3332.01,2.5296],[3332.0,4.7887]],"asks":[[3332.25,6.2282],[3332.26,0.0079],[3332.27,0.3506],[3332.28,0.0016],[3332.29,0.0032],[3332.34,0.0016],[3332.35,0.0016],[3332.36,0.0016],[3332.37,0.0048],[3332.38,1.5621],[3332.41,0.0048],[3332.42,0.5607],[3332.48,0.0386],[3332.51,0.0032],[3332.52,1.6836],[3332.54,0.015],[3332.56,0.9584],[3332.57,7.5027],[3332.58,0.0306],[3332.59,0.1016]]},"raw":{}}
{"exchange":"binance","instance_id":"B","symbol":"ETH-USD","event_ts":1762349863.915,"seq":63766827206,"depth":{"last_seq":63766827206,"bids":[[3332.24,32.824],[3332.23,0.0047],[3332.22,0.0063],[3332.21,0.0016],[3332.2,0.0032],[3332.19,0.0016],[3332.18,0.0064],[3332.17,0.4822],[3332.16,0.0153],[3332.15,0.9019],[3332.14,0.0598],[3332.13,1.4994],[3332.12,0.0032],[3332.11,1.3389],[3332.09,0.0082],[3332.08,1.4016],[3332.07,0.0324],[3332.03,0.0032],[3332.01,2.5296],[3332.0,4.7887]],"asks":[[3332.25,3.6818],[3332.26,0.0079],[3332.27,0.3506],[3332.28,0.0016],[3332.29,0.0032],[3332.34,0.0016],[3332.35,0.0016],[3332.36,0.0016],[3332.37,0.0048],[3332.38,1.5621],[3332.41,0.0048],[3332.42,0.5607],[3332.48,0.0386],[3332.51,1.562],[3332.52,1.6804],[3332.54,0.015],[3332.55,0.0016],[3332.56,0.9584],[3332.58,0.0306],[3332.59,0.1016]]},"raw":{}}
{"exchange":"binance","instance_id":"B","symbol":"ETH-USD","event_ts":1762349864.015,"seq":63766827221,"depth":{"last_seq":63766827221,"bids":[[3332.24,32.824],[3332.23,0.0047],[3332.22,0.0063],[3332.21,0.0016],[3332.2,0.0032],[3332.19,0.0016],[3332.18,0.0064],[3332.17,0.4822],[3332.16,0.0153],[3332.15,0.9019],[3332.14,0.0598],[3332.13,1.4994],[3332.12,0.0032],[3332.11,1.3389],[3332.09,0.0082],[3332.08,1.4016],[3332.07,0.0324],[3332.03,0.0032],[3332.01,2.5296],[3332.0,4.7887]],"asks":[[3332.25,3.6818],[3332.26,0.0079],[3332.27,0.3506],[3332.28,0.0016],[3332.29,0.0032],[3332.34,0.0016],[3332.35,0.0016],[3332.36,0.0016],[3332.37,0.0048],[3332.38,1.5621],[3332.41,0.0048],[3332.42,0.5607],[3332.48,0.0386],[3332.5,0.0032],[3332.51,1.5637],[3332.52,1.6787],[3332.54,0.015],[3332.56,0.9584],[3332.58,0.0306],[3332.59,0.1016]]},"raw":{}}
{"exchange":"binance","instance_id":"B","symbol":"ETH-USD","event_ts":1762349864.115,"seq":63766827238,"depth":{"last_seq":63766827238,"bids":[[3332.24,32.824],[3332.23,0.0047],[3332.22,0.0063],[3332.21,0.0016],[3332.2,0.0032],[3332.19,0.0016],[3332.18,0.0064],[3332.17,0.4822],[3332.16,0.0153],[3332.15,0.9019],[3332.14,0.0598],[3332.13,1.4994],[3332.12,0.0032],[3332.11,1.3389],[3332.09,0.0082],[3332.08,1.4016],[3332.07,0.0324],[3332.03,0.0032],[3332.01,2.5296],[3332.0,4.7887]],"asks":[[3332.25,3.6818],[3332.26,0.0079],[3332.27,0.0064],[3332.28,0.0016],[3332.29,0.0032],[3332.34,0.0016],[3332.35,0.0016],[3332.36,0.3458],[3332.37,0.0048],[3332.38,1.5621],[3332.41,0.0048],[3332.42,0.5607],[3332.48,0.0386],[3332.5,0.0032],[3332.51,1.5637],[3332.52,1.6807],[3332.54,0.015],[3332.56,0.9584],[3332.58,0.0306],[3332.59,0.1016]]},"raw":{}}
{"exchange":"binance","instance_id":"B","symbol":"ETH-USD","event_ts":1762349864.215,"seq":63766827251,"depth":{"last_seq":63766827251,"bids":[[3332.24,32.824],[3332.23,0.0047],[3332.22,0.0063],[3332.21,0.0016],[3332.2,0.0032],[3332.19,0.0016],[3332.18,0.0064],[3332.17,0.4822],[3332.16,0.0153],[3332.15,0.9019],[3332.14,0.0598],[3332.13,1.4994],[3332.12,0.0032],[3332.11,1.3389],[3332.09,0.0082],[3332.08,1.4016],[3332.07,0.0324],[3332.03,0.0032],[3332.01,2.5296],[3332.0,4.7887]],"asks":[[3332.25,3.7375],[3332.26,0.0047],[3332.27,0.0047],[3332.28,0.0016],[3332.29,0.0032],[3332.34,0.0016],[3332.35,0.0048],[3332.36,0.3475],[3332.37,0.0048],[3332.38,1.5621],[3332.41,0.0048],[3332.42,0.5607],[3332.48,0.0386],[3332.5,0.0032],[3332.51,1.5637],[3332.52,1.6807],[3332.54,0.015],[3332.56,0.9584],[3332.58,0.0306],[3332.59,0.1016]]},"raw":{}}
{"exchange":"binance","instance_id":"B","symbol":"ETH-USD","event_ts":1762349864.315,"seq":63766827256,"depth":{"last_seq":63766827256,"bids":[[3332.24,32.824],[3332.23,0.0047],[3332.22,0.0063],[3332.21,0.0016],[3332.2,0.0032],[3332.19,0.0016],[3332.18,0.0064],[3332.17,0.4822],[3332.16,0.0153],[3332.15,0.9019],[3332.14,0.0598],[3332.13,1.4994],[3332.12,0.0032],[3332.11,1.3389],[3332.09,0.0082],[3332.08,1.4016],[3332.07,0.0324],[3332.03,0.0032],[3332.01,2.5296],[3332.0,4.7887]],"asks":[[3332.25,3.7375],[3332.26,0.0047],[3332.27,0.0047],[3332.28,0.0016],[3332.29,0.0032],[3332.34,0.0016],[3332.35,0.0048],[3332.36,0.3475],[3332.37,0.0048],[3332.38,1.5621],[3332.41,0.0048],[3332.42,0.5607],[3332.48,0.0386],[3332.5,0.0032],[3332.51,1.5637],[3332.52,1.6807],[3332.54,0.015],[3332.56,0.9584],[3332.58,0.0306],[3332.59,0.1016]]},"raw":{}}
{"exchange":"binance","instance_id":"B","symbol":"ETH-USD","event_ts":1762349864.415,"seq":63766827261,"depth":{"last_seq":63766827261,"bids":[[3332.24,32.824],[3332.23,0.0047],[3332.22,0.0063],[3332.21,0.0016],[3332.2,0.0032],[3332.19,0.0016],[3332.18,0.0064],[3332.17,0.4822],[3332.16,0.0153],[3332.15,0.9019],[3332.14,0.0598],[3332.13,1.4994],[3332.12,0.0032],[3332.11,1.3389],[3332.09,0.0082],[3332.08,1.4016],[3332.07,0.0324],[3332.03,0.0032],[3332.01,2.5296],[3332.0,4.7887]],"asks":[[3332.25,3.7375],[3332.26,0.0047],[3332.27,0.0047],[3332.28,0.0016],[3332.29,0.0032],[3332.34,0.0016],[3332.35,0.0048],[3332.36,0.3475],[3332.37,0.0048],[3332.38,1.5621],[3332.41,0.0048],[3332.42,0.5607],[3332.48,0.0386],[3332.5,0.0032],[3332.51,1.5637],[3332.52,1.6807],[3332.54,0.015],[3332.56,0.9584],[3332.58,0.0306],[3332.59,0.1016]]},"raw":{}}
{"exchange":"binance","instance_id":"B","symbol":"ETH-USD","event_ts":1762349864.515,"seq":63766827270,"depth":{"last_seq":63766827270,"bids":[[3332.24,32.824],[3332.23,0.0047],[3332.22,0.0063],[3332.21,0.0016],[3332.2,0.0032],[3332.19,0.0016],[3332.18,0.0064],[3332.17,0.4822],[3332.16,0.0153],[3332.15,0.9019],[3332.14,0.0598],[3332.13,1.4994],[3332.12,0.0032],[3332.11,1.3389],[3332.09,0.0082],[3332.08,1.4016],[3332.07,0.0324],[3332.03,0.0032],[3332.01,2.5296],[3332.0,4.7887]],"asks":[[3332.25,3.7391],[3332.26,0.0063],[3332.27,0.0047],[3332.28,0.0016],[3332.29,0.0032],[3332.34,0.0016],[3332.35,0.0048],[3332.36,0.3475],[3332.37,0.0048],[3332.38,1.5621],[3332.41,0.0048],[3332.42,0.5607],[3332.48,0.0386],[3332.5,0.0032],[3332.51,1.5637],[3332.52,1.6807],[3332.54,0.015],[3332.56,0.9584],[3332.58,0.0306],[3332.59,0.1016]]},"raw":{}}
{"exchange":"binance","instance_id":"B","symbol":"ETH-USD","event_ts":1762349864.615,"seq":63766827277,"depth":{"last_seq":63766827277,"bids":[[3332.24,32.824],[3332.23,0.0047],[3332.22,0.0063],[3332.21,0.0016],[3332.2,0.0032],[3332.19,0.0016],[3332.18,0.0064],[3332.17,0.4822],[3332.16,0.0153],[3332.15,0.9019],[3332.14,0.0598],[3332.13,1.4994],[3332.12,0.0032],[3332.11,1.3389],[3332.09,0.0082],[3332.08,1.4016],[3332.07,0.0324],[3332.03,0.0032],[3332.01,2.5296],[3332.0,4.7887]],"asks":[[3332.25,3.7391],[3332.26,0.0063],[3332.27,0.0047],[3332.28,0.0016],[3332.29,0.0032],[3332.34,0.0016],[3332.35,0.0048],[3332.36,0.3491],[3332.37,0.0048],[3332.38,1.5621],[3332.41,0.0048],[3332.42,0.5607],[3332.48,0.0386],[3332.5,0.0032],[3332.51,1.5637],[3332.52,1.6807],[3332.54,0.015],[3332.56,0.9584],[3332.58,0.0306],[3332.59,0.1016]]},"raw":{}}
{"exchange":"binance","instance_id":"B","symbol":"ETH-USD","event_ts":1762349864.715,"seq":63766827313,"depth":{"last_seq":63766827313,"bids":[[3332.24,32.824],[3332.23,0.0047],[3332.22,0.0063],[3332.21,0.0016],[3332.2,0.0032],[3332.19,0.0016],[3332.18,0.0064],[3332.17,0.4822],[3332.16,0.0153],[3332.15,0.9019],[3332.14,0.0598],[3332.13,1.4994],[3332.12,0.0032],[3332.11,1.3389],[3332.09,0.0082],[3332.08,1.4016],[3332.07,0.0324],[3332.03,0.0032],[3332.01,2.5296],[3332.0,4.7887]],"asks":[[3332.25,3.9861],[3332.26,0.0095],[3332.27,0.0047],[3332.28,0.0016],[3332.29,0.0032],[3332.34,0.0016],[3332.35,0.0048],[3332.36,0.3491],[3332.37,0.0048],[3332.38,0.0033],[3332.41,0.0048],[3332.42,0.5607],[3332.48,0.0386],[3332.5,0.0032],[3332.51,1.5637],[3332.52,0.002],[3332.54,0.015],[3332.56,0.9584],[3332.58,0.0306],[3332.59,0.1016]]},"raw":{}}
{"exchange":"binance","instance_id":"B","symbol":"ETH-USD","event_ts":1762349864.815,"seq":63766827349,"depth":{"last_seq":63766827349,"bids":[[3332.24,31.323],[3332.23,0.0047],[3332.22,0.0063],[3332.21,0.0016],[3332.2,0.0032],[3332.19,0.0016],[3332.18,0.0064],[3332.17,0.4822],[3332.16,0.0153],[3332.15,0.9019],[3332.14,0.0598],[3332.13,1.4994],[3332.12,0.0032],[3332.11,1.3389],[3332.09,0.0082],[3332.08,1.4016],[3332.07,0.0324],[3332.03,0.0032],[3332.01,2.5296],[3332.0,4.7887]],"asks":[[3332.25,6.4558],[3332.26,0.0095],[3332.27,0.0047],[3332.28,0.0016],[3332.29,0.0032],[3332.34,0.0016],[3332.35,0.0048],[3332.36,0.3491],[3332.37,0.0016],[3332.38,1.5604],[3332.41,0.0048],[3332.42,0.5607],[3332.48,0.0386],[3332.5,0.0032],[3332.51,1.5605],[3332.52,0.002],[3332.54,0.0167],[3332.55,0.0032],[3332.56,0.05],[3332.58,0.0306]]},"raw":{}}
{"exchange":"binance","instance_id":"B","symbol":"ETH-USD","event_ts":1762349864.915,"seq":63766827386,"depth":{"last_seq":63766827386,"bids":[[3332.24,30.2312],[3332.23,0.0047],[3332.22,0.0063],[3332.21,0.0016],[3332.2,0.0032],[3332.19,0.0016],[3332.18,0.0064],[3332.17,0.4822],[3332.16,0.0153],[3332.15,0.9019],[3332.14,0.0598],[3332.13,1.4994],[3332.12,0.0032],[3332.11,1.3389],[3332.09,0.0082],[3332.08,1.4016],[3332.07,0.0324],[3332.03,0.0032],[3332.01,2.5296],[3332.0,4.7887]],"asks":[[3332.25,10.625],[3332.26,0.0079],[3332.27,0.0047],[3332.28,0.0016],[3332.29,0.0032],[3332.33,0.3442],[3332.34,0.0016],[3332.35,0.0048],[3332.36,0.0049],[3332.37,0.0048],[3332.38,0.0033],[3332.41,0.0048],[3332.42,0.5607],[3332.48,0.0386],[3332.5,0.0032],[3332.51,1.5605],[3332.52,0.002],[3332.54,0.015],[3332.56,0.05],[3332.58,0.0306]]},"raw":{}}
{"exchange":"binance","instance_id":"B","symbol":"ETH-USD","event_ts":1762349865.015,"seq":63766827421,"depth":{"last_seq":63766827421,"bids":[[3332.24,31.323],[3332.23,0.0047],[3332.22,0.0063],[3332.21,0.0016],[3332.2,0.0032],[3332.19,0.0016],[3332.18,0.0064],[3332.17,0.4822],[3332.16,0.0153],[3332.15,0.9019],[3332.14,0.0598],[3332.13,1.4994],[3332.12,0.0032],[3332.11,1.3389],[3332.09,0.0082],[3332.08,1.4016],[3332.07,0.0324],[3332.03,0.0032],[3332.01,2.5296],[3332.0,4.7887]],"asks":[[3332.25,9.5349],[3332.26,0.0079],[3332.27,0.0047],[3332.28,0.0016],[3332.29,0.0032],[3332.32,0.0032],[3332.33,0.3475],[3332.34,0.0016],[3332.35,0.0016],[3332.36,0.0032],[3332.37,0.0016],[3332.41,0.0048],[3332.42,0.5607],[3332.48,0.0386],[3332.5,0.0032],[3332.51,1.5605],[3332.52,0.002],[3332.54,0.015],[3332.56,0.05],[3332.58,1.7125]]},"raw":{}}
{"exchange":"binance","instance_id":"B","symbol":"ETH-USD","event_ts":1762349865.115,"seq":63766827480,"depth":{"last_seq":63766827480,"bids":[[3332.24,20.8389],[3332.23,0.0047],[3332.22,0.0063],[3332.21,0.0016],[3332.2,0.0032],[3332.19,0.0016],[3332.18,0.0064],[3332.17,0.4822],[3332.16,0.0153],[3332.15,0.3153],[3332.14,0.0598],[3332.13,0.0034],[3332.12,0.0032],[3332.11,1.3389],[3332.09,0.0082],[3332.08,1.4016],[3332.07,0.5892],[3332.03,0.0032],[3332.01,2.5296],[3332.0,4.7887]],"asks":[[3332.25,28.4008],[3332.26,0.0079],[3332.27,0.0047],[3332.28,0.0016],[3332.29,0.0032],[3332.32,0.0048],[3332.33,0.3475],[3332.34,0.0016],[3332.35,0.0016],[3332.36,0.0032],[3332.41,0.6505],[3332.42,0.0047],[3332.45,7.503],[3332.48,0.0386],[3332.51,0.0017],[3332.52,0.002],[3332.54,0.015],[3332.56,0.05],[3332.58,0.0306],[3332.59,0.1]]},"raw":{}}
{"exchange":"binance","instance_id":"B","symbol":"ETH-USD","event_ts":1762349865.215,"seq":63766827543,"depth":{"last_seq":63766827543,"bids":[[3332.24,23.723],[3332.23,0.0047],[3332.22,0.0063],[3332.21,0.0016],[3332.2,0.0032],[3332.19,0.0016],[3332.18,0.0064],[3332.17,0.4822],[3332.16,0.0153],[3332.15,0.3153],[3332.14,0.055],[3332.12,0.0032],[3332.11,1.3423],[3332.09,0.0082],[3332.08,1.4032],[3332.07,0.5892],[3332.03,0.0032],[3332.01,2.5296],[3332.0,2.8755],[3331.95,1.5056]],"asks":[[3332.25,28.7434],[3332.26,0.0063],[3332.27,0.0047],[3332.28,0.0016],[3332.29,0.0032],[3332.32,0.0048],[3332.33,0.0033],[3332.34,0.5874],[3332.35,0.0016],[3332.36,0.0032],[3332.4,0.0032],[3332.41,2.1738],[3332.42,0.003],[3332.45,0.0017],[3332.48,0.0386],[3332.52,0.002],[3332.54,0.015],[3332.56,0.05],[3332.58,0.0306],[3332.59,0.1]]},"raw":{}}
{"exchange":"binance","instance_id":"B","symbol":"ETH-USD","event_ts":1762349865.315,"seq":63766827580,"depth":{"last_seq":63766827580,"bids":[[3332.24,22.1637],[3332.23,0.0047],[3332.22,0.0063],[3332.21,0.0016],[3332.2,0.0032],[3332.19,0.0016],[3332.18,0.0064],[3332.17,0.4822],[3332.16,0.0153],[3332.15,0.3153],[3332.14,0.055],[3332.12,0.0032],[3332.11,1.3423],[3332.09,0.0082],[3332.08,1.4032],[3332.07,0.5892],[3332.03,0.0032],[3332.01,2.5296],[3332.0,2.8755],[3331.95,1.5056]],"asks":[[3332.25,30.3413],[3332.26,0.0047],[3332.27,0.0047],[3332.28,0.0016],[3332.29,0.0032],[3332.32,0.0016],[3332.33,0.0048],[3332.34,0.5891],[3332.35,0.0016],[3332.36,0.0032],[3332.4,0.0032],[3332.41,0.0033],[3332.42,0.003],[3332.48,0.0386],[3332.52,0.002],[3332.54,0.015],[3332.56,0.05],[3332.58,0.0306],[3332.59,0.1],[3332.6,0.5016]]},"raw":{}}
{"exchange":"binance","instance_id":"B","symbol":"ETH-USD","event_ts":1762349865.415,"seq":63766827617,"depth":{"last_seq":63766827617,"bids":[[3332.24,22.1612],[3332.23,0.0047],[3332.22,0.0063],[3332.21,0.0016],[3332.2,0.0032],[3332.19,0.0016],[3332.18,0.0064],[3332.17,0.4822],[3332.16,0.0153],[3332.15,0.3153],[3332.14,0.055],[3332.12,0.0032],[3332.11,1.3423],[3332.09,0.0082],[3332.08,1.4032],[3332.07,0.5892],[3332.03,0.0032],[3332.01,2.5296],[3332.0,2.8755],[3331.95,1.5056]],"asks":[[3332.25,30.3376],[3332.26,0.0047],[3332.27,0.0047],[3332.28,0.0016],[3332.29,0.0032],[3332.32,0.0016],[3332.33,0.0048],[3332.34,0.5891],[3332.35,0.0016],[3332.36,0.0032],[3332.41,0.0016],[3332.42,0.003],[3332.48,0.0386],[3332.52,0.002],[3332.54,0.0167],[3332.56,0.05],[3332.58,0.0306],[3332.59,0.1],[3332.6,0.5016],[3332.61,4.2282]]},"raw":{}}
{"exchange":"binance","instance_id":"B","symbol":"ETH-USD","event_ts":1762349865.515,"seq":63766827638,"depth":{"last_seq":63766827638,"bids":[[3332.24,27.7373],[3332.23,0.0047],[3332.22,0.0063],[3332.21,0.0016],[3332.2,0.0032],[3332.19,0.0016],[3332.18,0.0064],[3332.17,0.4822],[3332.16,0.0153],[3332.15,0.3153],[3332.14,0.055],[3332.12,0.0032],[3332.11,1.3423],[3332.09,0.0082],[3332.08,1.4032],[3332.07,0.5892],[3332.03,0.0032],[3332.01,2.5296],[3332.0,2.8755],[3331.95,1.5056]],"asks":[[3332.25,27.6465],[3332.26,0.0047],[3332.27,0.0047],[3332.28,0.0016],[3332.29,0.0032],[3332.32,0.0016],[3332.33,0.0048],[3332.34,0.5891],[3332.35,0.0016],[3332.36,0.0032],[3332.41,0.0016],[3332.42,0.003],[3332.48,0.0386],[3332.52,0.002],[3332.54,0.0167],[3332.56,0.05],[3332.58,0.0306],[3332.59,0.1],[3332.6,0.0016],[3332.61,4.2282]]},"raw":{}}
{"exchange":"binance","instance_id":"B","symbol":"ETH-USD","event_ts":1762349865.615,"seq":63766827658,"depth":{"last_seq":63766827658,"bids":[[3332.24,26.6455],[3332.23,0.0047],[3332.22,0.0063],[3332.21,0.0016],[3332.2,0.0032],[3332.19,0.0016],[3332.18,0.0064],[3332.17,0.4822],[3332.16,0.0153],[3332.15,0.3153],[3332.14,0.6347],[3332.12,0.0032],[3332.11,1.3423],[3332.09,0.0082],[3332.08,1.4032],[3332.07,0.0324],[3332.03,0.0032],[3332.01,2.5296],[3332.0,2.8755],[3331.95,1.5056]],"asks":[[3332.25,24.717],[3332.26,0.0047],[3332.27,0.0047],[3332.28,0.0016],[3332.29,0.0032],[3332.32,0.0016],[3332.33,0.0048],[3332.34,0.0033],[3332.35,0.0016],[3332.36,0.0032],[3332.38,0.5629],[3332.41,0.0016],[3332.42,0.003],[3332.48,0.0386],[3332.52,0.002],[3332.54,0.0167],[3332.56,0.05],[3332.58,0.0306],[3332.59,0.1],[3332.6,0.0016]]},"raw":{}}
{"exchange":"binance","instance_id":"B","symbol":"ETH-USD","event_ts":1762349865.715,"seq":63766827679,"depth":{"last_seq":63766827679,"bids":[[3332.24,27.7431],[3332.23,0.0047],[3332.22,0.0063],[3332.21,0.0016],[3332.2,0.0032],[3332.19,0.0016],[3332.18,0.0064],[3332.17,0.4822],[3332.16,0.0153],[3332.15,0.3185],[3332.14,0.6347],[3332.12,0.0032],[3332.11,1.3423],[3332.09,0.0082],[3332.08,1.4016],[3332.07,0.0324],[3332.03,0.0032],[3332.01,2.5296],[3332.0,2.8755],[3331.95,1.5056]],"asks":[[3332.25,24.7187],[3332.26,0.0047],[3332.27,0.0047],[3332.28,0.0016],[3332.29,0.0032],[3332.32,0.0016],[3332.33,0.0016],[3332.34,0.0016],[3332.35,0.0016],[3332.36,0.0032],[3332.37,0.0032],[3332.38,0.5629],[3332.41,0.0016],[3332.42,0.003],[3332.48,0.0386],[3332.52,0.002],[3332.54,0.0167],[3332.56,0.05],[3332.58,0.0306],[3332.59,0.1]]},"raw":{}}
{"exchange":"binance","instance_id":"B","symbol":"ETH-USD","event_ts":1762349865.815,"seq":63766827704,"depth":{"last_seq":63766827704,"bids":[[3332.24,22.5308],[3332.23,0.0047],[3332.22,0.0063],[3332.21,0.0016],[3332.2,0.0032],[3332.19,0.0016],[3332.18,0.0064],[3332.17,0.4822],[3332.16,0.0153],[3332.15,0.3185],[3332.14,0.055],[3332.12,0.0032],[3332.11,1.9065],[3332.09,0.0082],[3332.08,1.4016],[3332.07,0.0324],[3332.03,0.0032],[3332.01,2.5296],[3332.0,2.8755],[3331.95,1.5056]],"asks":[[3332.25,24.7187],[3332.26,0.0047],[3332.27,0.0047],[3332.28,0.0016],[3332.29,0.0032],[3332.32,0.0016],[3332.33,0.0016],[3332.34,0.0016],[3332.35,0.5801],[3332.36,0.0032],[3332.37,0.0032],[3332.41,0.0016],[3332.42,0.003],[3332.48,0.0386],[3332.52,0.002],[3332.54,0.0167],[3332.56,0.05],[3332.58,0.0306],[3332.59,0.1],[3332.6,7.5042]]},"raw":{}}
{"exchange":"binance","instance_id":"B","symbol":"ETH-USD","event_ts":1762349865.915,"seq":63766827721,"depth":{"last_seq":63766827721,"bids":[[3332.24,22.5308],[3332.23,0.0047],[3332.22,0.0063],[3332.21,0.0016],[3332.2,0.0032],[3332.19,0.0016],[3332.18,0.0064],[3332.17,0.4822],[3332.16,0.0153],[3332.15,0.3153],[3332.14,0.055],[3332.12,0.0032],[3332.11,1.9065],[3332.09,0.0082],[3332.08,1.4016],[3332.07,0.0324],[3332.03,0.0032],[3332.02,0.0016],[3332.01,2.5296],[3332.0,4.8317]],"asks":[[3332.25,24.7187],[3332.26,0.0047],[3332.27,0.0047],[3332.28,0.0016],[3332.29,0.0032],[3332.32,0.0016],[3332.33,0.0016],[3332.34,0.0048],[3332.35,0.5801],[3332.36,0.0032],[3332.41,0.0016],[3332.42,0.003],[3332.48,0.0386],[3332.52,0.002],[3332.54,0.0167],[3332.56,0.05],[3332.58,0.0306],[3332.59,7.4901],[3332.6,7.5042],[3332.62,6.0452]]},"raw":{}}
{"exchange":"binance","instance_id":"B","symbol":"ETH-USD","event_ts":1762349866.015,"seq":63766827727,"depth":{"last_seq":63766827727,"bids":[[3332.24,22.5308],[3332.23,0.0047],[3332.22,0.0063],[3332.21,0.0016],[3332.2,0.0032],[3332.19,0.0016],[3332.18,0.0064],[3332.17,0.4822],[3332.16,0.0153],[3332.15,0.3153],[3332.14,0.055],[3332.12,0.0032],[3332.11,1.9065],[3332.09,0.0082],[3332.08,1.4016],[3332.07,0.0324],[3332.03,0.0032],[3332.02,0.0016],[3332.01,2.5296],[3332.0,4.8317]],"asks":[[3332.25,24.7187],[3332.26,0.0047],[3332.27,0.0047],[3332.28,0.0016],[3332.29,0.0032],[3332.32,0.0016],[3332.33,0.0016],[3332.34,0.0048],[3332.35,0.5801],[3332.36,0.0032],[3332.41,0.0016],[3332.42,0.003],[3332.48,0.0386],[3332.52,0.002],[3332.54,0.0167],[3332.56,0.05],[3332.58,0.0306],[3332.59,7.4901],[3332.6,7.5042],[3332.62,6.0452]]},"raw":{}}
{"exchange":"binance","instance_id":"B","symbol":"ETH-USD","event_ts":1762349866.115,"seq":63766827731,"depth":{"last_seq":63766827731,"bids":[[3332.24,22.5308],[3332.23,0.0047],[3332.22,0.0063],[3332.21,0.0016],[3332.2,0.0032],[3332.19,0.0016],[3332.18,0.0064],[3332.17,0.4822],[3332.16,0.0153],[3332.15,0.3153],[3332.14,0.055],[3332.12,0.0032],[3332.11,1.9065],[3332.09,0.0082],[3332.08,1.4016],[3332.07,0.0324],[3332.03,0.0032],[3332.02,0.0016],[3332.01,2.5296],[3332.0,4.8317]],"asks":[[3332.25,24.7187],[3332.26,0.0047],[3332.27,0.0047],[3332.28,0.0016],[3332.29,0.0032],[3332.32,0.0016],[3332.33,0.0016],[3332.34,0.0048],[3332.35,0.5801],[3332.36,0.0032],[3332.41,0.0016],[3332.42,0.003],[3332.48,0.0386],[3332.52,0.002],[3332.54,0.0167],[3332.56,0.05],[3332.58,0.0306],[3332.59,7.4901],[3332.6,7.5042],[3332.62,6.0452]]},"raw":{}}
{"exchange":"binance","instance_id":"B","symbol":"ETH-USD","event_ts":1762349866.215,"seq":63766827748,"depth":{"last_seq":63766827748,"bids":[[3332.24,22.5308],[3332.23,0.0047],[3332.22,0.0063],[3332.21,0.0016],[3332.2,0.0032],[3332.19,0.0016],[3332.18,0.0064],[3332.17,0.4822],[3332.16,0.0153],[3332.15,0.3153],[3332.14,0.055],[3332.12,0.0032],[3332.11,1.9065],[3332.09,0.0082],[3332.08,1.4016],[3332.07,0.0324],[3332.03,0.0032],[3332.02,0.0016],[3332.01,2.5296],[3332.0,4.8317]],"asks":[[3332.25,27.6437],[3332.26,0.0047],[3332.27,0.0047],[3332.28,0.0016],[3332.29,0.0032],[3332.32,0.0016],[3332.33,0.0016],[3332.34,0.0048],[3332.35,0.5801],[3332.36,0.0032],[3332.41,0.0016],[3332.42,0.003],[3332.48,0.0386],[3332.52,0.002],[3332.54,0.0167],[3332.56,0.05],[3332.58,0.0306],[3332.59,7.4901],[3332.6,7.5042],[3332.62,6.0452]]},"raw":{}}
{"exchange":"binance","instance_id":"B","symbol":"ETH-USD","event_ts":1762349866.315,"seq":63766827763,"depth":{"last_seq":63766827763,"bids":[[3332.24,22.5308],[3332.23,0.0047],[3332.22,0.0063],[3332.21,0.0016],[3332.2,0.0032],[3332.19,0.0016],[3332.18,0.0064],[3332.17,0.4822],[3332.16,0.0153],[3332.15,0.3153],[3332.14,0.055],[3332.12,0.0032],[3332.11,1.9065],[3332.09,0.0082],[3332.08,1.4016],[3332.07,0.0324],[3332.03,0.0032],[3332.02,0.0016],[3332.01,2.5296],[3332.0,4.8317]],"asks":[[3332.25,24.702],[3332.26,0.0047],[3332.27,0.0047],[3332.28,0.0016],[3332.29,0.0032],[3332.32,0.0016],[3332.33,0.0016],[3332.34,0.0048],[3332.35,0.5801],[3332.36,0.0032],[3332.41,0.0016],[3332.42,0.003],[3332.48,0.0386],[3332.52,0.002],[3332.54,0.0167],[3332.56,0.05],[3332.58,0.0306],[3332.59,7.4901],[3332.6,7.5042],[3332.62,6.0452]]},"raw":{}}
{"exchange":"binance","instance_id":"B","symbol":"ETH-USD","event_ts":1762349866.415,"seq":63766827768,"depth":{"last_seq":63766827768,"bids":[[3332.24,22.5366],[3332.23,0.0047],[3332.22,0.0063],[3332.21,0.0016],[3332.2,0.0032],[3332.19,0.0016],[3332.18,0.0064],[3332.17,0.4822],[3332.16,0.0153],[3332.15,0.3153],[3332.14,0.055],[3332.12,0.0032],[3332.11,1.9065],[3332.09,0.0082],[3332.08,1.4016],[3332.07,0.0324],[3332.03,0.0032],[3332.02,0.0016],[3332.01,2.5296],[3332.0,4.8317]],"asks":[[3332.25,24.6074],[3332.26,0.0047],[3332.27,0.0047],[3332.28,0.0016],[3332.29,0.0032],[3332.32,0.0016],[3332.33,0.0016],[3332.34,0.0048],[3332.35,0.5801],[3332.36,0.0032],[3332.41,0.0016],[3332.42,0.003],[3332.48,0.0386],[3332.52,0.002],[3332.54,0.0167],[3332.56,0.05],[3332.58,0.0306],[3332.59,7.4901],[3332.6,7.5042],[3332.62,6.0452]]},"raw":{}}
{"exchange":"binance","instance_id":"B","symbol":"ETH-USD","event_ts":1762349866.515,"seq":63766827775,"depth":{"last_seq":63766827775,"bids":[[3332.24,22.5366],[3332.23,0.0047],[3332.22,0.0063],[3332.21,0.0016],[3332.2,0.0032],[3332.19,0.0016],[3332.18,0.0064],[3332.17,0.4822],[3332.16,0.0153],[3332.15,0.3153],[3332.14,0.055],[3332.12,0.0032],[3332.11,1.9065],[3332.09,0.0082],[3332.08,1.4016],[3332.07,0.0324],[3332.03,0.0032],[3332.02,0.0016],[3332.01,2.5296],[3332.0,4.8317]],"asks":[[3332.25,24.6054],[3332.26,0.0047],[3332.27,0.0047],[3332.28,0.0016],[3332.29,0.0032],[3332.32,0.0016],[3332.33,0.0016],[3332.34,0.0048],[3332.35,0.5801],[3332.36,0.0032],[3332.41,0.0016],[3332.42,0.003],[3332.48,0.0386],[3332.52,0.002],[3332.54,0.0167],[3332.56,0.05],[3332.58,0.0306],[3332.59,7.4901],[3332.6,7.5042],[3332.62,6.0452]]},"raw":{}}
{"exchange":"binance","instance_id":"B","symbol":"ETH-USD","event_ts":1762349866.615,"seq":63766827785,"depth":{"last_seq":63766827785,"bids":[[3332.24,21.439],[3332.23,0.0047],[3332.22,0.0063],[3332.21,0.0016],[3332.2,0.0032],[3332.19,0.0016],[3332.18,0.0064],[3332.17,0.0848],[3332.16,0.0153],[3332.15,0.3153],[3332.14,0.055],[3332.12,0.0032],[3332.11,1.9065],[3332.09,0.0082],[3332.08,1.4016],[3332.07,0.0324],[3332.03,0.0032],[3332.02,0.0016],[3332.01,2.5296],[3332.0,4.8317]],"asks":[[3332.25,24.6054],[3332.26,0.0047],[3332.27,0.0047],[3332.28,0.0016],[3332.29,0.0032],[3332.32,0.0016],[3332.33,0.0016],[3332.34,0.0048],[3332.35,0.5801],[3332.36,0.0032],[3332.41,0.0016],[3332.42,0.003],[3332.48,0.0386],[3332.52,0.002],[3332.54,0.0167],[3332.56,0.05],[3332.58,0.0306],[3332.59,7.4901],[3332.6,7.5042],[3332.62,6.0452]]},"raw":{}}
{"exchange":"binance","instance_id":"B","symbol":"ETH-USD","event_ts":1762350215.315,"seq":63767363914,"depth":{"last_seq":63767363914,"bids":[[3358.8,3.5026],[3358.79,0.0046],[3358.48,0.0032],[3358.47,0.0332],[3358.44,0.0384],[3358.34,0.003],[3358.3,0.0149],[3358.19,0.0032],[3358.14,3.0026],[3358.12,3.0057],[3357.97,0.0297],[3357.92,3.0026],[3356.91,0.003],[3356.1,2.6916],[3356.09,0.4373],[3346.35,0.7901],[3022.92,0.0646]],"asks":[[3358.81,23.9655],[3358.93,0.0659],[3358.95,3.0011],[3358.96,0.0034],[3358.97,3.515],[3358.98,0.003],[3358.99,3.9287],[3359.04,8.3947],[3359.19,2.1762],[3564.8,0.0779]]},"raw":{}}
{"exchange":"binance","instance_id":"B","symbol":"ETH-USD","event_ts":1762350215.415,"seq":63767363961,"depth":{"last_seq":63767363961,"bids":[[3358.8,3.5058],[3358.79,0.0046],[3358.47,0.0298],[3358.44,0.0384],[3358.34,0.003],[3358.3,0.0149],[3358.21,0.0048],[3358.19,0.0032],[3358.18,2.6919],[3358.15,0.0016],[3358.14,0.0015],[3358.12,0.0046],[3358.01,1.6866],[3357.97,0.0312],[3357.92,0.0015],[3357.6,0.005],[3356.91,0.003],[3356.1,2.6916],[3356.09,0.4373],[3354.51,1.4885]],"asks":[[3358.81,23.8438],[3358.93,0.0659],[3358.95,3.0045],[3358.97,3.5135],[3358.98,0.003],[3358.99,3.9287],[3359.04,8.3932],[3359.19,2.1762],[3360.08,4.8297],[3364.42,0.8085],[3376.29,1.434],[3564.8,0.0779]]},"raw":{}}
