{"exchange":"bybit","instance_id":"B","symbol":"BTC-USD","event_ts":1762205084.169,"seq":50536009,"depth":{"last_seq":50536009,"bids":[[106550.2,0.425375],[106544.9,0.110464],[106544.8,0.093874],[106544.1,0.0507],[106543.6,0.093875],[106542.0,0.08],[106541.7,0.051022],[106540.7,0.009171],[106539.8,0.000768],[106539.2,0.0004],[106538.3,0.029985],[106538.2,0.050257],[106536.7,0.046924],[106536.6,0.0002],[106536.2,7.1e-05],[106536.1,0.003],[106534.9,0.069265],[106534.6,0.093882],[106534.4,0.000768],[106533.4,0.1327]],"asks":[[106550.3,0.459006],[106551.1,0.000602],[106552.6,0.0002],[106552.8,0.0005],[106555.5,0.014046],[106555.6,0.0002],[106556.4,0.0129],[106556.5,0.123278],[106556.6,0.093864],[106557.3,0.009386],[106558.5,0.112704],[106558.8,0.021366],[106560.1,0.001146],[106561.0,0.1327],[106561.5,0.031777],[106562.3,0.09256],[106562.4,0.093858],[106563.3,7.1e-05],[106563.4,0.0002],[106563.9,0.001146]]},"raw":{}}
{"exchange":"bybit","instance_id":"B","symbol":"BTC-USD","event_ts":1762205084.19,"seq":50536010,"depth":{"last_seq":50536010,"bids":[[106550.2,0.425375],[106544.9,0.110464],[106544.8,0.093874],[106544.1,0.0507],[106543.6,0.093875],[106542.0,0.08],[106541.7,0.051022],[106540.7,0.009171],[106539.8,0.000768],[106539.2,0.0004],[106538.3,0.029985],[106538.2,0.050257],[106536.7,0.046924],[106536.6,0.0002],[106536.2,7.1e-05],[106536.1,0.003],[106534.9,0.069265],[106534.6,0.093882],[106534.4,0.000768],[106533.4,0.1327]],"asks":[[106550.3,0.459206],[106551.1,0.000602],[106552.6,0.0002],[106552.8,0.0005],[106555.5,0.014046],[106555.6,0.0002],[106556.4,0.0129],[106556.5,0.123278],[106556.6,0.093864],[106557.3,0.009386],[106558.5,0.112704],[106558.8,0.021366],[106560.1,0.001146],[106561.0,0.1327],[106561.5,0.031777],[106562.3,0.09256],[106562.4,0.093858],[106563.3,7.1e-05],[106563.4,0.0002],[106563.9,0.001146]]},"raw":{}}
{"exchange":"bybit","instance_id":"B","symbol":"BTC-USD","event_ts":1762205084.289,"seq":50536011,"depth":{"last_seq":50536011,"bids":[[106550.2,0.425375],[106544.9,0.110464],[106544.8,0.093874],[106544.1,0.0507],[106543.6,0.093875],[106542.0,0.08],[106541.7,0.051022],[106540.7,0.009171],[106539.8,0.000768],[106539.2,0.0004],[106538.3,0.029985],[106538.2,0.050257],[106536.7,0.046924],[106536.6,0.0002],[106536.2,7.1e-05],[106536.1,0.003],[106534.9,0.069265],[106534.6,0.093882],[106534.4,0.000768],[106533.4,0.1327]],"asks":[[106550.3,0.458269],[106551.1,0.000602],[106552.6,0.0002],[106552.8,0.0005],[106555.5,0.014046],[106555.6,0.0002],[106556.4,0.0129],[106556.5,0.123278],[106556.6,0.093864],[106557.3,0.009386],[106558.5,0.112704],[106558.8,0.021366],[106560.1,0.001146],[106561.0,0.1327],[106561.5,0.031777],[106562.3,0.09256],[106562.4,0.093858],[106563.3,7.1e-05],[106563.4,0.0002],[106563.9,0.001146]]},"raw":{}}
{"exchange":"bybit","instance_id":"B","symbol":"BTC-USD","event_ts":1762205084.409,"seq":50536012,"depth":{"last_seq":50536012,"bids":[[106550.2,0.425375],[106544.9,0.110464],[106544.8,0.093874],[106544.1,0.0507],[106543.6,0.093875],[106542.0,0.08],[106541.7,0.051022],[106540.7,0.009171],[106539.8,0.000768],[106539.2,0.0004],[106538.3,0.029985],[106538.2,0.050257],[106536.7,0.046924],[106536.6,0.0002],[106536.2,7.1e-05],[106536.1,0.003],[106534.9,0.069265],[106534.6,0.093882],[106534.4,0.000768],[106534.0,0.1]],"asks":[[106550.3,0.458269],[106551.1,0.000602],[106552.6,0.0002],[106552.8,0.0005],[106555.5,0.014046],[106555.6,0.0002],[106556.4,0.0129],[106556.5,0.123278],[106556.6,0.093864],[106557.3,0.009386],[106558.5,0.112704],[106558.8,0.021366],[106560.1,0.001146],[106561.0,0.1327],[106561.5,0.031777],[106562.3,0.09256],[106562.4,0.093858],[106563.3,7.1e-05],[106563.4,0.0002],[106563.9,0.001146]]},"raw":{}}
{"exchange":"bybit","instance_id":"B","symbol":"BTC-USD","event_ts":1762205084.429,"seq":50536013,"depth":{"last_seq":50536013,"bids":[[106550.2,0.425375],[106544.9,0.110464],[106544.8,0.093874],[106544.1,0.0507],[106543.6,0.093875],[106542.0,0.08],[106541.7,0.051022],[106540.7,0.009171],[106539.8,0.000768],[106539.2,0.0004],[106538.3,0.029985],[106538.2,0.050257],[106536.7,0.046924],[106536.6,0.0002],[106536.2,7.1e-05],[106536.1,0.003],[106534.9,0.122497],[106534.6,0.093882],[106534.4,0.000768],[106534.0,0.1]],"asks":[[106550.3,0.458269],[106551.1,0.000602],[106552.6,0.0002],[106552.8,0.0005],[106555.5,0.014046],[106555.6,0.0002],[106556.4,0.0129],[106556.5,0.123278],[106556.6,0.093864],[106557.3,0.009386],[106558.5,0.112704],[106558.8,0.021366],[106560.1,0.001146],[106561.0,0.1327],[106561.5,0.031777],[106562.3,0.09256],[106562.4,0.093858],[106563.3,7.1e-05],[106563.4,0.0002],[106563.9,0.001146]]},"raw":{}}
{"exchange":"bybit","instance_id":"B","symbol":"BTC-USD","event_ts":1762205084.449,"seq":50536014,"depth":{"last_seq":50536014,"bids":[[106550.2,0.507061],[106544.9,0.110464],[106544.8,0.093874],[106544.1,0.0507],[106543.6,0.093875],[106542.0,0.08],[106541.7,0.051022],[106540.7,0.009171],[106539.8,0.000768],[106539.2,0.0004],[106538.3,0.029985],[106538.2,0.050257],[106536.7,0.046924],[106536.6,0.0002],[106536.2,7.1e-05],[106536.1,0.003],[106534.9,0.122497],[106534.6,0.093882],[106534.4,0.000768],[106534.0,0.1]],"asks":[[106550.3,0.458269],[106551.1,0.000602],[106552.6,0.0002],[106552.8,0.0005],[106555.5,0.001146],[106555.6,0.0002],[106556.5,0.123278],[106557.3,0.009386],[106558.5,0.112704],[106558.8,0.021366],[106560.1,0.001146],[106561.0,0.1327],[106561.5,0.031777],[106562.3,0.083539],[106562.4,0.093858],[106563.3,7.1e-05],[106563.4,0.0002],[106563.9,0.001146],[106564.0,0.021366],[106565.9,0.050957]]},"raw":{}}
{"exchange":"bybit","instance_id":"B","symbol":"BTC-USD","event_ts":1762205084.469,"seq":50536015,"depth":{"last_seq":50536015,"bids":[[106550.2,0.507061],[106544.9,0.110464],[106544.8,0.093874],[106544.1,0.0507],[106543.6,0.093875],[106542.0,0.08],[106541.7,0.051022],[106540.7,0.009171],[106539.8,0.000768],[106539.2,0.0004],[106538.3,0.029985],[106538.2,0.050257],[106536.7,0.046924],[106536.6,0.0002],[106536.2,7.1e-05],[106536.1,0.003],[106534.9,0.122497],[106534.6,0.093882],[106534.4,0.000768],[106534.0,0.1]],"asks":[[106550.3,0.458269],[106551.1,0.000602],[106552.6,0.0002],[106552.8,0.0005],[106555.5,0.001146],[106555.6,0.0002],[106556.5,0.123278],[106557.3,0.009386],[106558.5,0.112704],[106558.8,0.021366],[106560.1,0.001146],[106560.4,0.009386],[106561.0,0.1327],[106561.5,0.031777],[106562.3,0.083539],[106562.4,0.093858],[106563.3,7.1e-05],[106563.4,0.0002],[106563.9,0.001146],[106564.0,0.021366]]},"raw":{}}
{"exchange":"bybit","instance_id":"B","symbol":"BTC-USD","event_ts":1762205084.49,"seq":50536016,"depth":{"last_seq":50536016,"bids":[[106550.2,0.507061],[106544.9,0.110464],[106544.8,0.093874],[106544.1,0.0507],[106543.6,0.093875],[106542.0,0.08],[106541.7,0.051022],[106540.7,0.009171],[106539.8,0.000768],[106539.2,0.0004],[106538.3,0.029985],[106538.2,0.050257],[106536.7,0.046924],[106536.6,0.0002],[106536.2,7.1e-05],[106536.1,0.003],[106534.9,0.122497],[106534.6,0.093882],[106534.4,0.000768],[106534.0,0.1]],"asks":[[106550.3,0.458269],[106551.1,0.000602],[106552.6,0.0002],[106552.8,0.0005],[106555.5,0.001146],[106555.6,0.0002],[106556.5,0.123278],[106557.3,0.009386],[106558.5,0.112704],[106558.8,0.021366],[106560.1,0.001146],[106561.0,0.1327],[106561.5,0.031777],[106562.3,0.083539],[106562.4,0.009385],[106563.3,7.1e-05],[106563.4,0.0002],[106563.9,0.001146],[106564.0,0.021366],[106565.9,0.050957]]},"raw":{}}
{"exchange":"bybit","instance_id":"B","symbol":"BTC-USD","event_ts":1762205084.509,"seq":50536017,"depth":{"last_seq":50536017,"bids":[[106550.2,0.507061],[106544.9,0.110464],[106544.8,0.093874],[106544.1,0.0507],[106543.6,0.093875],[106542.0,0.08],[106541.7,0.051022],[106540.7,0.009171],[106539.8,0.000768],[106539.2,0.0004],[106538.3,0.029985],[106538.2,0.050257],[106536.7,0.046924],[106536.6,0.0002],[106536.2,7.1e-05],[106536.1,0.003],[106534.9,0.122497],[106534.6,0.093882],[106534.4,0.000768],[106534.0,0.1]],"asks":[[106550.3,0.458269],[106551.1,0.000602],[106552.6,0.0002],[106552.8,0.0005],[106555.5,0.001146],[106555.6,0.0002],[106556.5,0.123278],[106557.3,0.009386],[106558.5,0.112704],[106558.8,0.021366],[106560.1,0.001146],[106561.0,0.1327],[106561.5,0.031777],[106562.3,0.058324],[106562.4,0.009385],[106563.3,7.1e-05],[106563.4,0.0002],[106563.9,0.001146],[106564.0,0.021366],[106565.9,0.050957]]},"raw":{}}
{"exchange":"bybit","instance_id":"B","symbol":"BTC-USD","event_ts":1762205084.529,"seq":50536018,"depth":{"last_seq":50536018,"bids":[[106550.2,0.507061],[106544.9,0.110464],[106544.8,0.093874],[106544.1,0.0507],[106543.6,0.093875],[106542.0,0.08],[106541.7,0.051022],[106540.7,0.009171],[106539.8,0.000768],[106539.2,0.0004],[106538.3,0.029985],[106538.2,0.050257],[106536.7,0.046924],[106536.6,0.0002],[106536.2,7.1e-05],[106536.1,0.003],[106534.9,0.122497],[106534.6,0.093882],[106534.4,0.000768],[106534.0,0.1]],"asks":[[106550.3,0.458269],[106551.1,0.000602],[106552.6,0.0002],[106552.8,0.0005],[106555.5,0.001146],[106555.6,0.0002],[106556.5,0.123278],[106557.3,0.009386],[106558.5,0.112704],[106558.8,0.021366],[106560.1,0.001146],[106561.0,0.1327],[106561.5,0.031777],[106562.3,0.058324],[106562.4,0.009385],[106563.3,7.1e-05],[106563.4,0.0002],[106563.9,0.001146],[106564.0,0.021366],[106565.9,0.050957]]},"raw":{}}
{"exchange":"bybit","instance_id":"B","symbol":"BTC-USD","event_ts":1762205084.549,"seq":50536019,"depth":{"last_seq":50536019,"bids":[[106550.2,0.507061],[106544.9,0.110464],[106544.8,0.093874],[106544.1,0.0507],[106543.6,0.093875],[106542.0,0.08],[106541.7,0.051022],[106540.7,0.009171],[106539.8,0.000768],[106539.2,0.0004],[106538.3,0.029985],[106538.2,0.050257],[106536.7,0.046924],[106536.6,0.0002],[106536.2,7.1e-05],[106536.1,0.003],[106534.9,0.122497],[106534.6,0.093882],[106534.4,0.000768],[106534.0,0.1]],"asks":[[106550.3,0.458269],[106551.1,0.000602],[106552.6,0.0002],[106552.8,0.0005],[106555.5,0.001146],[106555.6,0.0002],[106556.5,0.123278],[106557.3,0.009386],[106558.5,0.112704],[106558.8,0.021366],[106560.1,0.001146],[106561.0,0.1327],[106561.5,0.031777],[106562.3,0.058324],[106563.3,7.1e-05],[106563.4,0.0002],[106563.9,0.001146],[106564.0,0.021366],[106565.9,0.050957],[106566.2,0.001146]]},"raw":{}}
{"exchange":"bybit","instance_id":"B","symbol":"BTC-USD","event_ts":1762205084.57,"seq":50536020,"depth":{"last_seq":50536020,"bids":[[106550.2,0.507061],[106544.9,0.110464],[106544.8,0.093874],[106544.1,0.0507],[106543.6,0.093875],[106542.0,0.08],[106541.7,0.051022],[106540.7,0.009171],[106539.8,0.000768],[106539.2,0.0004],[106538.3,0.029985],[106538.2,0.050257],[106536.7,0.046924],[106536.6,0.0002],[106536.2,7.1e-05],[106536.1,0.003],[106534.9,0.122497],[106534.6,0.093882],[106534.4,0.000768],[106534.0,0.1]],"asks":[[106550.3,0.458269],[106551.1,0.000602],[106552.6,0.0002],[106552.8,0.0005],[106555.5,0.001146],[106555.6,0.0002],[106556.5,0.123278],[106557.3,0.009386],[106558.5,0.112704],[106558.8,0.021366],[106560.1,0.001146],[106561.0,0.1327],[106561.5,0.031777],[106562.3,0.058324],[106563.3,7.1e-05],[106563.4,0.0002],[106563.9,0.001146],[106564.0,0.021366],[106565.9,0.050957],[106566.2,0.001146]]},"raw":{}}
{"exchange":"bybit","instance_id":"B","symbol":"BTC-USD","event_ts":1762205084.61,"seq":50536021,"depth":{"last_seq":50536021,"bids":[[106550.2,0.507061],[106544.9,0.110464],[106544.8,0.093874],[106544.1,0.0507],[106543.6,0.093875],[106542.0,0.08],[106541.7,0.051022],[106540.7,0.009171],[106539.8,0.000768],[106539.2,0.0004],[106538.3,0.029985],[106538.2,0.050257],[106536.7,0.046924],[106536.6,0.0002],[106536.2,7.1e-05],[106536.1,0.003],[106534.9,0.122497],[106534.6,0.093882],[106534.4,0.000768],[106534.0,0.1]],"asks":[[106550.3,0.458441],[106551.1,0.000602],[106552.6,0.0002],[106552.8,0.0005],[106555.5,0.001146],[106555.6,0.0002],[106556.5,0.123278],[106557.3,0.009386],[106558.5,0.112704],[106558.8,0.021366],[106560.1,0.001146],[106561.0,0.1327],[106561.5,0.031777],[106562.3,0.058324],[106563.3,7.1e-05],[106563.4,0.0002],[106563.9,0.001146],[106564.0,0.021366],[106565.9,0.050957],[106566.2,0.001146]]},"raw":{}}
{"exchange":"bybit","instance_id":"B","symbol":"BTC-USD","event_ts":1762205084.65,"seq":50536022,"depth":{"last_seq":50536022,"bids":[[106550.2,0.507061],[106544.9,0.110464],[106544.8,0.093874],[106544.1,0.0507],[106543.6,0.093875],[106542.0,0.08],[106541.7,0.051022],[106540.7,0.009171],[106539.8,0.000768],[106539.2,0.0004],[106538.3,0.029985],[106538.2,0.050257],[106536.7,0.046924],[106536.6,0.0002],[106536.2,7.1e-05],[106536.1,0.003],[106534.9,0.122497],[106534.6,0.093882],[106534.4,0.000768],[106534.0,0.1]],"asks":[[106550.3,0.458441],[106551.1,0.000602],[106552.6,0.0002],[106552.8,0.0005],[106555.5,0.001146],[106555.6,0.0002],[106556.5,0.123278],[106557.3,0.009386],[106558.5,0.112704],[106558.8,0.021366],[106560.1,0.001146],[106561.0,0.1327],[106561.5,0.031777],[106562.3,0.058324],[106563.3,7.1e-05],[106563.4,0.0002],[106563.9,0.001146],[106564.0,0.021366],[106565.8,0.004693],[106565.9,0.050957]]},"raw":{}}
{"exchange":"bybit","instance_id":"B","symbol":"BTC-USD","event_ts":1762205084.69,"seq":50536023,"depth":{"last_seq":50536023,"bids":[[106550.2,0.507061],[106544.9,0.110464],[106544.8,0.093874],[106544.1,0.0507],[106543.6,0.093875],[106542.0,0.08],[106541.7,0.051022],[106540.7,0.009171],[106539.8,0.000768],[106539.2,0.0004],[106538.3,0.029985],[106538.2,0.050257],[106536.7,0.046924],[106536.6,0.0002],[106536.2,7.1e-05],[106536.1,0.003],[106534.9,0.122497],[106534.6,0.093882],[106534.4,0.000768],[106534.0,0.1]],"asks":[[106550.3,0.458441],[106551.1,0.000602],[106552.6,0.0002],[106552.8,0.0005],[106555.5,0.001146],[106555.6,0.0002],[106556.5,0.123278],[106557.3,0.009386],[106558.5,0.112704],[106558.8,0.021366],[106560.1,0.001146],[106561.0,0.1327],[106561.2,0.009386],[106561.5,0.031777],[106562.3,0.058324],[106562.4,0.008979],[106563.3,7.1e-05],[106563.4,0.0002],[106563.9,0.001146],[106564.0,0.021366]]},"raw":{}}
{"exchange":"bybit","instance_id":"B","symbol":"BTC-USD","event_ts":1762205084.709,"seq":50536024,"depth":{"last_seq":50536024,"bids":[[106550.2,0.507061],[106544.9,0.110464],[106544.8,0.093874],[106544.1,0.0507],[106543.6,0.093875],[106542.0,0.08],[106541.7,0.051022],[106540.7,0.009171],[106539.8,0.000768],[106539.2,0.0004],[106538.3,0.029985],[106538.2,0.050257],[106536.7,0.046924],[106536.6,0.0002],[106536.2,7.1e-05],[106536.1,0.003],[106534.9,0.122497],[106534.6,0.093882],[106534.4,0.000768],[106534.0,0.1]],"asks":[[106550.3,0.458441],[106551.1,0.000602],[106552.6,0.0002],[106552.8,0.0005],[106555.5,0.001146],[106555.6,0.0002],[106556.5,0.123278],[106557.3,0.009386],[106558.5,0.112704],[106558.8,0.021366],[106560.1,0.001146],[106561.0,0.1327],[106561.2,0.009386],[106561.5,0.031777],[106562.3,0.058324],[106562.4,0.008979],[106563.3,7.1e-05],[106563.4,0.0002],[106563.9,0.001146],[106564.0,0.021366]]},"raw":{}}
{"exchange":"bybit","instance_id":"B","symbol":"BTC-USD","event_ts":1762205084.769,"seq":50536025,"depth":{"last_seq":50536025,"bids":[[106550.2,0.425375],[106544.9,0.110464],[106544.8,0.093874],[106544.1,0.0507],[106543.6,0.093875],[106542.0,0.08],[106541.7,0.051022],[106540.7,0.009171],[106539.8,0.000768],[106539.2,0.0004],[106538.3,0.029985],[106538.2,0.050257],[106536.7,0.046924],[106536.6,0.0002],[106536.2,7.1e-05],[106536.1,0.003],[106534.9,0.122497],[106534.6,0.093882],[106534.4,0.000768],[106534.0,0.1]],"asks":[[106550.3,0.458441],[106551.1,0.000602],[106552.6,0.0002],[106552.8,0.0005],[106555.5,0.001146],[106555.6,0.0002],[106556.5,0.123278],[106557.3,0.009386],[106558.5,0.112704],[106558.8,0.021366],[106560.1,0.001146],[106561.0,0.1327],[106561.5,0.031777],[106562.3,0.058324],[106562.4,0.008979],[106563.3,7.1e-05],[106563.4,0.0002],[106563.9,0.001146],[106564.0,0.021366],[106565.8,0.004693]]},"raw":{}}
{"exchange":"bybit","instance_id":"B","symbol":"BTC-USD","event_ts":1762205084.809,"seq":50536026,"depth":{"last_seq":50536026,"bids":[[106550.2,0.425375],[106544.9,0.110464],[106544.8,0.093874],[106544.1,0.0507],[106543.6,0.093875],[106542.0,0.08],[106541.7,0.051022],[106540.7,0.009171],[106539.8,0.000768],[106539.2,0.0004],[106538.3,0.029985],[106538.2,0.050257],[106536.7,0.046924],[106536.6,0.0002],[106536.2,7.1e-05],[106536.1,0.003],[106534.9,0.122497],[106534.6,0.093882],[106534.4,0.000768],[106534.0,0.1]],"asks":[[106550.3,0.458441],[106551.1,0.000602],[106552.6,0.0002],[106552.8,0.0005],[106555.5,0.001146],[106555.6,0.0002],[106556.5,0.123278],[106556.8,0.009386],[106557.3,0.009386],[106558.5,0.112704],[106558.8,0.021366],[106560.1,0.001146],[106561.0,0.1327],[106561.5,0.031777],[106562.3,0.058324],[106562.4,0.008979],[106562.8,0.093858],[106563.3,7.1e-05],[106563.4,0.0002],[106563.9,0.001146]]},"raw":{}}
{"exchange":"bybit","instance_id":"B","symbol":"BTC-USD","event_ts":1762205084.83,"seq":50536027,"depth":{"last_seq":50536027,"bids":[[106550.2,0.425375],[106544.9,0.110464],[106544.8,0.093874],[106544.1,0.0507],[106543.6,0.093875],[106542.0,0.08],[106541.7,0.051022],[106540.7,0.009171],[106539.8,0.000768],[106539.2,0.0004],[106538.3,0.029985],[106538.2,0.050257],[106536.7,0.046924],[106536.6,0.0002],[106536.2,7.1e-05],[106536.1,0.003],[106534.9,0.122497],[106534.6,0.093882],[106534.4,0.000768],[106534.0,0.1]],"asks":[[106550.3,0.458441],[106551.1,0.000602],[106552.6,0.0002],[106552.8,0.0005],[106555.5,0.001146],[106555.6,0.0002],[106556.5,0.123278],[106556.8,0.009386],[106557.3,0.009386],[106558.5,0.112704],[106558.8,0.021366],[106560.1,0.001146],[106560.9,0.187608],[106561.0,0.1327],[106561.5,0.031777],[106562.3,0.058324],[106562.4,0.008979],[106562.8,0.093858],[106563.3,7.1e-05],[106563.4,0.0002]]},"raw":{}}
{"exchange":"bybit","instance_id":"B","symbol":"BTC-USD","event_ts":1762205084.85,"seq":50536028,"depth":{"last_seq":50536028,"bids":[[106550.2,0.425375],[106544.9,0.110464],[106544.8,0.093874],[106544.1,0.0507],[106543.6,0.093875],[106542.0,0.08],[106541.7,0.051022],[106540.7,0.009171],[106539.8,0.000768],[106539.2,0.0004],[106538.3,0.029985],[106538.2,0.050257],[106536.7,0.046924],[106536.6,0.0002],[106536.2,7.1e-05],[106536.1,0.003],[106534.9,0.122497],[106534.6,0.093882],[106534.4,0.000768],[106534.0,0.1]],"asks":[[106550.3,0.458441],[106551.1,0.000602],[106552.6,0.0002],[106552.8,0.0005],[106555.5,0.001146],[106555.6,0.0002],[106555.9,0.009386],[106556.5,0.123278],[106557.3,0.009386],[106558.5,0.112704],[106558.8,0.021366],[106560.1,0.001146],[106560.9,0.187608],[106561.0,0.1327],[106561.5,0.031777],[106562.3,0.058324],[106562.4,0.008979],[106562.8,0.093858],[106563.3,7.1e-05],[106563.4,0.0002]]},"raw":{}}
{"exchange":"bybit","instance_id":"B","symbol":"BTC-USD","event_ts":1762205084.949,"seq":50536029,"depth":{"last_seq":50536029,"bids":[[106550.2,0.425375],[106544.9,0.110464],[106544.8,0.093874],[106544.1,0.0507],[106543.6,0.093875],[106542.0,0.08],[106541.7,0.051022],[106540.7,0.009171],[106539.8,0.000768],[106539.2,0.0004],[106538.3,0.029985],[106538.2,0.050257],[106536.7,0.046924],[106536.6,0.0002],[106536.2,7.1e-05],[106536.1,0.003],[106534.9,0.122497],[106534.6,0.093882],[106534.4,0.000768],[106534.0,0.1]],"asks":[[106550.3,0.458441],[106551.1,0.000602],[106552.6,0.0002],[106552.8,0.0005],[106555.5,0.001146],[106555.6,0.0002],[106556.5,0.123278],[106557.3,0.018772],[106558.5,0.112704],[106558.8,0.021366],[106560.1,0.001146],[106560.9,0.187608],[106561.0,0.1327],[106561.5,0.031777],[106562.3,0.058324],[106562.4,0.008979],[106562.8,0.093858],[106563.3,7.1e-05],[106563.4,0.0002],[106563.9,0.001146]]},"raw":{}}
{"exchange":"bybit","instance_id":"B","symbol":"BTC-USD","event_ts":1762205085.129,"seq":50536030,"depth":{"last_seq":50536030,"bids":[[106550.2,0.425375],[106544.9,0.110464],[106544.8,0.093874],[106544.1,0.0507],[106543.6,0.093875],[106542.0,0.08],[106541.7,0.051022],[106540.7,0.009171],[106539.8,0.000768],[106539.2,0.0004],[106538.3,0.029985],[106538.2,0.050257],[106536.7,0.046924],[106536.6,0.0002],[106536.2,7.1e-05],[106536.1,0.003],[106534.9,0.122497],[106534.6,0.093882],[106534.4,0.000768],[106534.0,0.1]],"asks":[[106550.3,0.458441],[106551.1,0.000602],[106552.6,0.0002],[106552.8,0.0005],[106555.5,0.001146],[106555.6,0.0002],[106556.5,0.123278],[106557.3,0.009386],[106558.5,0.112704],[106558.8,0.021366],[106560.1,0.001146],[106560.9,0.187608],[106561.0,0.1327],[106561.5,0.031777],[106562.3,0.058324],[106562.4,0.008979],[106562.8,0.093858],[106563.3,7.1e-05],[106563.4,0.0002],[106563.9,0.001146]]},"raw":{}}
{"exchange":"bybit","instance_id":"B","symbol":"BTC-USD","event_ts":1762205085.149,"seq":50536031,"depth":{"last_seq":50536031,"bids":[[106550.2,0.515706],[106544.9,0.110464],[106544.8,0.093874],[106544.1,0.0007],[106543.6,0.093875],[106542.0,0.08],[106541.7,0.051022],[106540.7,0.009171],[106539.8,0.000768],[106539.2,0.0004],[106538.3,0.029985],[106538.2,0.050257],[106536.7,0.046924],[106536.6,0.0002],[106536.2,7.1e-05],[106536.1,0.003],[106534.9,0.122497],[106534.6,0.093882],[106534.4,0.000768],[106534.0,0.1]],"asks":[[106550.3,0.458441],[106551.1,0.000602],[106552.6,0.0002],[106552.8,0.0005],[106555.5,0.001146],[106555.6,0.0002],[106556.5,0.123278],[106557.3,0.009386],[106558.5,0.112704],[106558.8,0.021366],[106560.1,0.001146],[106560.9,0.187608],[106561.0,0.1327],[106561.5,0.031777],[106562.3,0.058324],[106562.4,0.008979],[106562.8,0.093858],[106563.3,7.1e-05],[106563.4,0.0002],[106563.9,0.001146]]},"raw":{}}
{"exchange":"bybit","instance_id":"B","symbol":"BTC-USD","event_ts":1762205085.169,"seq":50536032,"depth":{"last_seq":50536032,"bids":[[106550.2,0.565706],[106544.9,0.110464],[106544.8,0.093874],[106544.1,0.0007],[106543.6,0.093875],[106542.0,0.08],[106541.7,0.051022],[106540.7,0.009171],[106539.8,0.000768],[106539.2,0.0004],[106538.3,0.029985],[106538.2,0.050257],[106536.8,0.03],[106536.7,0.046924],[106536.6,0.0002],[106536.2,7.1e-05],[106536.1,0.003],[106534.9,0.122497],[106534.6,0.093882],[106534.4,0.000768]],"asks":[[106550.3,0.408441],[106551.1,0.000602],[106551.8,0.001146],[106552.6,0.0002],[106552.8,0.0005],[106555.5,0.001146],[106555.6,0.0002],[106556.5,0.123278],[106557.3,0.009386],[106558.5,0.112704],[106558.8,0.021366],[106560.1,0.001146],[106560.9,0.187608],[106561.0,0.1327],[106561.5,0.031777],[106562.3,0.058324],[106562.4,0.008979],[106562.8,0.093858],[106563.3,7.1e-05],[106563.4,0.0002]]},"raw":{}}
{"exchange":"bybit","instance_id":"B","symbol":"BTC-USD","event_ts":1762205085.21,"seq":50536033,"depth":{"last_seq":50536033,"bids":[[106550.2,0.565706],[106544.9,0.110464],[106544.8,0.093874],[106544.1,0.0007],[106543.6,0.093875],[106542.0,0.08],[106541.7,0.051022],[106540.7,0.009171],[106539.8,0.000768],[106539.2,0.0004],[106538.3,0.029985],[106538.2,0.050257],[106536.8,0.03],[106536.7,0.046924],[106536.6,0.0002],[106536.2,7.1e-05],[106536.1,0.003],[106534.9,0.122497],[106534.6,0.093882],[106534.4,0.000768]],"asks":[[106550.3,0.408441],[106551.1,0.000602],[106551.8,0.001146],[106552.6,0.0002],[106552.8,0.0005],[106555.5,0.001146],[106555.6,0.0002],[106556.5,0.123278],[106557.3,0.009386],[106558.5,0.112704],[106558.8,0.021366],[106560.1,0.001146],[106560.9,0.187608],[106561.0,0.1327],[106561.5,0.031777],[106562.3,0.058324],[106562.4,0.008979],[106562.8,0.093858],[106563.3,7.1e-05],[106563.4,0.0002]]},"raw":{}}
{"exchange":"bybit","instance_id":"B","symbol":"BTC-USD","event_ts":1762205085.229,"seq":50536034,"depth":{"last_seq":50536034,"bids":[[106550.2,0.565706],[106544.9,0.110464],[106544.8,0.093874],[106544.1,0.0007],[106543.6,0.093875],[106542.0,0.08],[106541.7,0.051022],[106540.7,0.009171],[106539.8,0.000768],[106539.2,0.0004],[106538.3,0.029985],[106538.2,0.050257],[106536.8,0.03],[106536.7,0.046924],[106536.6,0.0002],[106536.2,7.1e-05],[106536.1,0.003],[106534.9,0.122497],[106534.6,0.093882],[106534.4,0.000768]],"asks":[[106550.3,0.408441],[106551.1,0.000602],[106551.8,0.001146],[106552.6,0.0002],[106552.8,0.0005],[106555.5,0.001146],[106555.6,0.0002],[106556.5,0.123278],[106557.3,0.009386],[106558.5,0.112704],[106558.8,0.021366],[106560.1,0.001146],[106560.9,0.187608],[106561.0,0.1327],[106561.5,0.031777],[106562.3,0.058324],[106562.4,0.008979],[106562.8,0.093858],[106563.3,7.1e-05],[106563.4,0.0002]]},"raw":{}}
{"exchange":"bybit","instance_id":"B","symbol":"BTC-USD","event_ts":1762205085.269,"seq":50536035,"depth":{"last_seq":50536035,"bids":[[106550.2,0.565706],[106544.9,0.110464],[106544.8,0.093874],[106544.1,0.0007],[106543.6,0.093875],[106542.0,0.08],[106541.7,0.051022],[106540.7,0.009171],[106539.8,0.000768],[106539.2,0.0004],[106538.3,0.029985],[106538.2,0.050257],[106536.8,0.03],[106536.7,0.046924],[106536.6,0.0002],[106536.2,7.1e-05],[106536.1,0.003],[106534.9,0.122497],[106534.6,0.093882],[106534.4,0.000768]],"asks":[[106550.3,0.408441],[106551.1,0.000602],[106551.8,0.001146],[106552.6,0.0002],[106552.8,0.0005],[106555.5,0.001146],[106555.6,0.0002],[106556.5,0.123278],[106557.3,0.009386],[106558.5,0.112704],[106558.8,0.021366],[106560.1,0.001146],[106560.7,0.009386],[106560.9,0.187608],[106561.0,0.1327],[106561.5,0.031777],[106562.3,0.058324],[106562.4,0.008979],[106562.8,0.093858],[106563.3,7.1e-05]]},"raw":{}}
{"exchange":"bybit","instance_id":"B","symbol":"BTC-USD","event_ts":1762205085.309,"seq":50536036,"depth":{"last_seq":50536036,"bids":[[106550.2,0.565706],[106544.9,0.110464],[106544.8,0.093874],[106544.1,0.0007],[106543.6,0.093875],[106542.0,0.08],[106541.7,0.051022],[106540.7,0.009171],[106539.8,0.000768],[106539.2,0.0004],[106538.3,0.029985],[106538.2,0.050257],[106536.8,0.03],[106536.7,0.046924],[106536.6,0.0002],[106536.2,7.1e-05],[106536.1,0.003],[106534.9,0.122497],[106534.6,0.093882],[106534.4,0.000768]],"asks":[[106550.3,0.408441],[106551.1,0.000602],[106551.8,0.001146],[106552.6,0.0002],[106552.8,0.0005],[106555.5,0.001146],[106555.6,0.0002],[106556.5,0.123278],[106557.3,0.009386],[106558.5,0.112704],[106558.8,0.021366],[106559.7,0.009386],[106560.1,0.001146],[106560.9,0.187608],[106561.0,0.1327],[106561.5,0.031777],[106562.3,0.058324],[106562.4,0.008979],[106562.8,0.093858],[106563.3,7.1e-05]]},"raw":{}}
{"exchange":"bybit","instance_id":"B","symbol":"BTC-USD","event_ts":1762205085.329,"seq":50536037,"depth":{"last_seq":50536037,"bids":[[106550.2,0.565706],[106544.9,0.110464],[106544.8,0.093874],[106544.1,0.0007],[106543.6,0.093875],[106542.0,0.08],[106541.7,0.051022],[106540.7,0.009171],[106539.8,0.000768],[106539.2,0.0004],[106538.3,0.029985],[106538.2,0.050257],[106536.8,0.03],[106536.7,0.046924],[106536.6,0.0002],[106536.2,7.1e-05],[106536.1,0.003],[106534.9,0.122497],[106534.6,0.093882],[106534.4,0.000768]],"asks":[[106550.3,0.408441],[106551.1,0.000602],[106551.8,0.001146],[106552.6,0.0002],[106552.8,0.0005],[106555.5,0.001146],[106555.6,0.0002],[106556.5,0.123278],[106557.3,0.009386],[106558.5,0.112704],[106558.8,0.021366],[106560.1,0.001146],[106560.6,0.009386],[106560.9,0.187608],[106561.0,0.1327],[106561.5,0.031777],[106562.3,0.058324],[106562.4,0.008979],[106562.8,0.093858],[106563.3,7.1e-05]]},"raw":{}}
{"exchange":"bybit","instance_id":"B","symbol":"BTC-USD","event_ts":1762205085.369,"seq":50536038,"depth":{"last_seq":50536038,"bids":[[106550.2,0.565706],[106544.9,0.110464],[106544.8,0.093874],[106544.1,0.0007],[106543.6,0.093875],[106542.0,0.08],[106541.7,0.051022],[106540.7,0.009171],[106539.8,0.000768],[106539.2,0.0004],[106538.3,0.029985],[106538.2,0.050257],[106536.8,0.03],[106536.7,0.046924],[106536.6,0.0002],[106536.2,7.1e-05],[106536.1,0.003],[106534.9,0.122497],[106534.6,0.093882],[106534.4,0.000768]],"asks":[[106550.3,0.408441],[106551.1,0.000602],[106551.8,0.001146],[106552.6,0.0002],[106552.8,0.0005],[106555.5,0.001146],[106555.6,0.0002],[106556.5,0.123278],[106557.3,0.009386],[106558.5,0.112704],[106558.8,0.021366],[106560.1,0.001146],[106560.6,0.009386],[106560.9,0.187608],[106561.0,0.1327],[106561.5,0.031777],[106562.3,0.058324],[106562.4,0.008979],[106562.8,0.093858],[106563.3,7.1e-05]]},"raw":{}}
{"exchange":"bybit","instance_id":"B","symbol":"BTC-USD","event_ts":1762205085.39,"seq":50536039,"depth":{"last_seq":50536039,"bids":[[106550.2,0.565706],[106544.9,0.110464],[106544.8,0.093874],[106544.1,0.0007],[106543.6,0.093875],[106542.0,0.08],[106541.7,0.051022],[106540.7,0.009171],[106539.8,0.000768],[106539.2,0.0004],[106538.3,0.029985],[106538.2,0.050257],[106536.8,0.03],[106536.7,0.046924],[106536.6,0.0002],[106536.2,7.1e-05],[106536.1,0.003],[106534.9,0.122497],[106534.6,0.093882],[106534.4,0.000768]],"asks":[[106550.3,0.408441],[106551.1,0.000602],[106551.8,0.001146],[106552.6,0.0002],[106552.8,0.0005],[106555.5,0.001146],[106555.6,0.0002],[106556.5,0.123278],[106557.3,0.009386],[106558.5,0.112704],[106558.8,0.021366],[106559.8,0.009386],[106560.1,0.001146],[106560.9,0.187608],[106561.0,0.1327],[106561.5,0.031777],[106562.3,0.058324],[106562.4,0.008979],[106562.8,0.093858],[106563.3,7.1e-05]]},"raw":{}}
{"exchange":"bybit","instance_id":"B","symbol":"BTC-USD","event_ts":1762205085.409,"seq":50536040,"depth":{"last_seq":50536040,"bids":[[106550.2,0.565706],[106544.9,0.110464],[106544.8,0.093874],[106544.1,0.0007],[106543.6,0.093875],[106542.0,0.08],[106541.7,0.051022],[106540.7,0.009171],[106539.8,0.000768],[106539.2,0.0004],[106538.3,0.029985],[106538.2,0.050257],[106536.8,0.03],[106536.7,0.046924],[106536.6,0.0002],[106536.2,7.1e-05],[106536.1,0.003],[106534.9,0.122497],[106534.6,0.093882],[106534.4,0.000768]],"asks":[[106550.3,0.541141],[106551.1,0.000602],[106551.8,0.001146],[106552.6,0.0002],[106552.8,0.0005],[106555.5,0.001146],[106555.6,0.0002],[106556.5,0.123278],[106557.3,0.009386],[106558.5,0.112704],[106558.8,0.021366],[106559.8,0.009386],[106560.1,0.001146],[106560.9,0.187608],[106561.0,0.1327],[106561.5,0.031777],[106562.3,0.058324],[106562.4,0.008979],[106562.8,0.093858],[106563.3,7.1e-05]]},"raw":{}}
{"exchange":"bybit","instance_id":"B","symbol":"BTC-USD","event_ts":1762205085.49,"seq":50536041,"depth":{"last_seq":50536041,"bids":[[106550.2,0.565706],[106544.9,0.110464],[106544.8,0.093874],[106544.1,0.0007],[106543.6,0.093875],[106542.0,0.08],[106541.7,0.051022],[106540.7,0.009171],[106539.8,0.000768],[106539.2,0.0004],[106538.3,0.029985],[106538.2,0.050257],[106536.8,0.03],[106536.7,0.046924],[106536.6,0.0002],[106536.2,7.1e-05],[106536.1,0.003],[106534.9,0.122497],[106534.6,0.093882],[106534.4,0.000768]],"asks":[[106550.3,0.541141],[106551.1,0.000602],[106551.8,0.001146],[106552.6,0.0002],[106552.8,0.0005],[106555.5,0.001146],[106555.6,0.0002],[106556.5,0.123278],[106557.3,0.009386],[106558.5,0.112704],[106558.8,0.021366],[106559.8,0.009386],[106560.1,0.001146],[106560.9,0.187608],[106561.0,0.1327],[106561.5,0.031777],[106562.3,0.058324],[106562.4,0.008979],[106562.8,0.093858],[106563.3,7.1e-05]]},"raw":{}}
{"exchange":"bybit","instance_id":"B","symbol":"BTC-USD","event_ts":1762205085.509,"seq":50536042,"depth":{"last_seq":50536042,"bids":[[106550.2,0.565706],[106544.9,0.110464],[106544.8,0.093874],[106544.1,0.0007],[106543.6,0.093875],[106542.0,0.08],[106541.7,0.051022],[106540.7,0.009171],[106539.8,0.000768],[106539.2,0.0004],[106538.3,0.029985],[106538.2,0.050257],[106536.8,0.03],[106536.7,0.046924],[106536.6,0.0002],[106536.2,7.1e-05],[106536.1,0.003],[106534.9,0.122497],[106534.6,0.093882],[106534.4,0.000768]],"asks":[[106550.3,0.541141],[106551.1,0.000602],[106551.8,0.001146],[106552.6,0.0002],[106552.8,0.0005],[106555.5,0.001146],[106555.6,0.0002],[106556.5,0.123278],[106557.3,0.009386],[106558.5,0.112704],[106558.8,0.021366],[106559.8,0.009386],[106560.1,0.001146],[106560.9,0.187608],[106561.0,0.1327],[106561.5,0.031777],[106562.3,0.058324],[106562.4,0.008979],[106562.8,0.093858],[106563.3,7.1e-05]]},"raw":{}}
{"exchange":"bybit","instance_id":"B","symbol":"BTC-USD","event_ts":1762205085.529,"seq":50536043,"depth":{"last_seq":50536043,"bids":[[106550.2,0.565906],[106544.9,0.110464],[106544.8,0.093874],[106544.1,0.0007],[106543.6,0.093875],[106542.0,0.08],[106541.7,0.051022],[106540.7,0.009171],[106539.8,0.000768],[106539.2,0.0004],[106538.3,0.029985],[106538.2,0.050257],[106536.8,0.03],[106536.7,0.046924],[106536.6,0.0002],[106536.2,7.1e-05],[106536.1,0.003],[106534.9,0.122497],[106534.6,0.093882],[106534.4,0.000768]],"asks":[[106550.3,0.541124],[106551.1,0.000602],[106551.8,0.001146],[106552.6,0.0002],[106552.8,0.0005],[106555.5,0.001146],[106555.6,0.0002],[106556.5,0.123278],[106557.3,0.009386],[106558.5,0.112704],[106558.8,0.021366],[106559.8,0.009386],[106560.1,0.001146],[106560.9,0.187608],[106561.0,0.1327],[106561.5,0.031777],[106562.3,0.058324],[106562.4,0.008979],[106562.8,0.093858],[106563.3,7.1e-05]]},"raw":{}}
{"exchange":"bybit","instance_id":"B","symbol":"BTC-USD","event_ts":1762205085.649,"seq":50536044,"depth":{"last_seq":50536044,"bids":[[106550.2,0.565906],[106544.9,0.110464],[106544.8,0.093874],[106544.1,0.0007],[106543.6,0.093875],[106542.0,0.08],[106541.7,0.051022],[106540.7,0.009171],[106539.8,0.000768],[106539.2,0.0004],[106538.3,0.029985],[106538.2,0.050257],[106536.8,0.03],[106536.7,0.046924],[106536.6,0.0002],[106536.2,7.1e-05],[106536.1,0.003],[106534.9,0.122497],[106534.6,0.093882],[106534.4,0.000768]],"asks":[[106550.3,0.541124],[106551.1,0.000602],[106551.8,0.001146],[106552.6,0.0002],[106552.8,0.0005],[106555.5,0.001146],[106555.6,0.0002],[106556.5,0.123278],[106557.3,0.009386],[106558.5,0.112704],[106558.8,0.021366],[106560.1,0.001146],[106560.9,0.187608],[106561.0,0.1327],[106561.5,0.031777],[106562.3,0.058324],[106562.4,0.008979],[106562.8,0.093858],[106563.3,7.1e-05],[106563.4,0.0002]]},"raw":{}}
{"exchange":"bybit","instance_id":"B","symbol":"BTC-USD","event_ts":1762205085.71,"seq":50536045,"depth":{"last_seq":50536045,"bids":[[106550.2,0.565906],[106544.9,0.110464],[106544.8,0.093874],[106544.1,0.0007],[106543.6,0.093875],[106542.0,0.08],[106541.7,0.051022],[106540.7,0.009171],[106539.8,0.000768],[106539.2,0.0004],[106538.3,0.029985],[106538.2,0.050257],[106536.8,0.03],[106536.7,0.046924],[106536.6,0.0002],[106536.2,7.1e-05],[106536.1,0.003],[106534.9,0.122497],[106534.6,0.093882],[106534.4,0.000768]],"asks":[[106550.3,0.541124],[106551.1,0.000602],[106551.8,0.001146],[106552.6,0.0002],[106552.8,0.0005],[106555.5,0.001146],[106555.6,0.0002],[106556.5,0.123278],[106557.3,0.009386],[106558.5,0.112704],[106558.8,0.021366],[106560.1,0.001146],[106560.9,0.187608],[106561.0,0.1327],[106561.5,0.031777],[106562.3,0.058324],[106562.4,0.008979],[106562.8,0.093858],[106563.3,7.1e-05],[106563.4,0.0002]]},"raw":{}}
{"exchange":"bybit","instance_id":"B","symbol":"BTC-USD","event_ts":1762205085.73,"seq":50536046,"depth":{"last_seq":50536046,"bids":[[106550.2,0.565906],[106544.9,0.110464],[106544.8,0.093874],[106544.1,0.0007],[106543.6,0.093875],[106542.0,0.08],[106541.7,0.051022],[106540.7,0.009171],[106539.8,0.000768],[106539.2,0.0004],[106538.3,0.029985],[106538.2,0.050257],[106536.8,0.03],[106536.7,0.046924],[106536.6,0.0002],[106536.2,7.1e-05],[106536.1,0.003],[106534.9,0.122497],[106534.6,0.093882],[106534.4,0.000768]],"asks":[[106550.3,0.541124],[106551.1,0.000602],[106551.8,0.001146],[106552.6,0.0002],[106552.8,0.0005],[106555.5,0.001146],[106555.6,0.0002],[106556.5,0.123278],[106557.3,0.009386],[106558.5,0.112704],[106558.8,0.021366],[106560.1,0.001146],[106560.9,0.187608],[106561.0,0.1327],[106561.5,0.031777],[106562.3,0.058324],[106562.4,0.008979],[106562.8,0.093858],[106563.3,7.1e-05],[106563.4,0.0002]]},"raw":{}}
{"exchange":"bybit","instance_id":"B","symbol":"BTC-USD","event_ts":1762205085.749,"seq":50536047,"depth":{"last_seq":50536047,"bids":[[106550.2,0.565906],[106544.9,0.110464],[106544.8,0.093874],[106544.1,0.0007],[106543.6,0.093875],[106542.0,0.08],[106541.7,0.051022],[106540.7,0.009171],[106539.8,0.000768],[106539.2,0.0004],[106538.3,0.029985],[106538.2,0.050257],[106536.8,0.03],[106536.7,0.046924],[106536.6,0.0002],[106536.2,7.1e-05],[106536.1,0.003],[106534.9,0.122497],[106534.6,0.093882],[106534.4,0.000768]],"asks":[[106550.3,0.541124],[106551.1,0.000602],[106551.8,0.001146],[106552.6,0.0002],[106552.8,0.0005],[106555.5,0.001146],[106555.6,0.0002],[106556.5,0.123278],[106557.3,0.009386],[106558.5,0.112704],[106558.8,0.030752],[106560.1,0.001146],[106560.9,0.187608],[106561.0,0.1327],[106561.5,0.031777],[106562.3,0.058324],[106562.4,0.008979],[106562.8,0.093858],[106563.3,7.1e-05],[106563.4,0.0002]]},"raw":{}}
{"exchange":"bybit","instance_id":"B","symbol":"BTC-USD","event_ts":1762205085.889,"seq":50536048,"depth":{"last_seq":50536048,"bids":[[106550.2,0.56514],[106544.9,0.110464],[106544.8,0.093874],[106544.1,0.0007],[106543.6,0.093875],[106542.0,0.08],[106541.7,0.051022],[106540.7,0.009171],[106539.8,0.000768],[106539.2,0.0004],[106538.3,0.029985],[106538.2,0.050257],[106536.8,0.03],[106536.7,0.046924],[106536.6,0.0002],[106536.2,7.1e-05],[106536.1,0.003],[106534.9,0.122497],[106534.6,0.093882],[106534.4,0.000768]],"asks":[[106550.3,0.541124],[106551.1,0.000602],[106551.8,0.001146],[106552.6,0.0002],[106552.8,0.0005],[106555.5,0.001146],[106555.6,0.0002],[106556.5,0.123278],[106557.3,0.009386],[106558.5,0.112704],[106558.8,0.030752],[106560.1,0.001146],[106560.9,0.187608],[106561.0,0.1327],[106561.5,0.031777],[106562.3,0.058324],[106562.4,0.008979],[106562.8,0.093858],[106563.3,7.1e-05],[106563.4,0.0002]]},"raw":{}}
{"exchange":"bybit","instance_id":"B","symbol":"BTC-USD","event_ts":1762205085.929,"seq":50536049,"depth":{"last_seq":50536049,"bids":[[106550.2,0.569574],[106544.9,0.110464],[106544.8,0.093874],[106544.1,0.0007],[106543.6,0.093875],[106542.0,0.08],[106541.7,0.051022],[106540.7,0.009171],[106539.8,0.000768],[106539.2,0.0004],[106538.3,0.029985],[106538.2,0.050257],[106536.8,0.03],[106536.7,0.046924],[106536.6,0.0002],[106536.2,7.1e-05],[106536.1,0.003],[106534.9,0.122497],[106534.6,0.093882],[106534.4,0.000768]],"asks":[[106550.3,0.541124],[106551.1,0.000602],[106551.8,0.001146],[106552.6,0.0002],[106552.8,0.0005],[106555.5,0.001146],[106555.6,0.0002],[106556.5,0.123278],[106557.3,0.009386],[106558.5,0.112704],[106558.8,0.030752],[106560.1,0.001146],[106560.9,0.187608],[106561.0,0.1327],[106561.5,0.031777],[106562.3,0.058324],[106562.4,0.008979],[106562.8,0.093858],[106563.3,7.1e-05],[106563.4,0.0002]]},"raw":{}}
{"exchange":"bybit","instance_id":"B","symbol":"BTC-USD","event_ts":1762205086.05,"seq":50536050,"depth":{"last_seq":50536050,"bids":[[106550.2,0.569574],[106544.9,0.110464],[106544.8,0.093874],[106544.1,0.0007],[106543.6,0.093875],[106542.0,0.08],[106541.7,0.051022],[106540.7,0.009171],[106539.8,0.000768],[106539.2,0.0004],[106538.3,0.029985],[106538.2,0.050257],[106536.8,0.03],[106536.7,0.046924],[106536.6,0.0002],[106536.2,7.1e-05],[106536.1,0.003],[106534.9,0.122497],[106534.6,0.093882],[106534.4,0.000768]],"asks":[[106550.3,0.541124],[106551.1,0.000602],[106551.8,0.001146],[106552.6,0.0002],[106552.8,0.0005],[106555.5,0.001146],[106555.6,0.0002],[106556.5,0.123278],[106557.3,0.009386],[106558.5,0.112704],[106558.8,0.021366],[106560.0,0.009386],[106560.1,0.001146],[106560.9,0.187608],[106561.0,0.1327],[106561.5,0.031777],[106562.3,0.058324],[106562.4,0.008979],[106562.8,0.093858],[106563.3,7.1e-05]]},"raw":{}}
{"exchange":"bybit","instance_id":"B","symbol":"BTC-USD","event_ts":1762205086.149,"seq":50536051,"depth":{"last_seq":50536051,"bids":[[106550.2,0.569574],[106544.9,0.110464],[106544.8,0.093874],[106544.1,0.0007],[106543.6,0.093875],[106542.0,0.08],[106541.7,0.051022],[106540.7,0.009171],[106539.8,0.000768],[106539.2,0.0004],[106538.3,0.029985],[106538.2,0.050257],[106536.8,0.03],[106536.7,0.046924],[106536.6,0.0002],[106536.2,7.1e-05],[106536.1,0.003],[106534.9,0.122497],[106534.6,0.093882],[106534.4,0.000768]],"asks":[[106550.3,0.541124],[106551.1,0.000602],[106551.8,0.001146],[106552.6,0.0002],[106552.8,0.0005],[106555.5,0.001146],[106555.6,0.0002],[106556.5,0.123278],[106557.3,0.009386],[106558.5,0.112704],[106558.8,0.021366],[106559.2,0.009386],[106560.1,0.001146],[106560.9,0.187608],[106561.0,0.1327],[106561.5,0.031777],[106562.3,0.058324],[106562.4,0.008979],[106562.8,0.093858],[106563.3,7.1e-05]]},"raw":{}}
{"exchange":"bybit","instance_id":"B","symbol":"BTC-USD","event_ts":1762205086.189,"seq":50536052,"depth":{"last_seq":50536052,"bids":[[106550.2,0.569574],[106544.9,0.110464],[106544.8,0.093874],[106544.1,0.0007],[106543.6,0.093875],[106542.0,0.08],[106541.7,0.051022],[106540.7,0.009171],[106539.8,0.000768],[106539.2,0.0004],[106538.3,0.029985],[106538.2,0.050257],[106536.8,0.03],[106536.7,0.046924],[106536.6,0.0002],[106536.2,7.1e-05],[106536.1,0.003],[106534.9,0.122497],[106534.6,0.093882],[106534.4,0.000768]],"asks":[[106550.3,0.541124],[106551.1,0.000602],[106551.8,0.001146],[106552.6,0.0002],[106552.8,0.0005],[106555.5,0.001146],[106555.6,0.0002],[106556.5,0.123278],[106556.8,0.009386],[106557.3,0.009386],[106558.5,0.112704],[106558.8,0.021366],[106560.1,0.001146],[106560.9,0.187608],[106561.0,0.1327],[106561.5,0.031777],[106562.3,0.058324],[106562.4,0.008979],[106562.8,0.093858],[106563.3,7.1e-05]]},"raw":{}}
{"exchange":"bybit","instance_id":"B","symbol":"BTC-USD","event_ts":1762205086.209,"seq":50536053,"depth":{"last_seq":50536053,"bids":[[106550.2,0.569574],[106544.9,0.110464],[106544.8,0.093874],[106544.1,0.0007],[106543.6,0.093875],[106542.0,0.08],[106541.7,0.051022],[106540.7,0.009171],[106539.8,0.000768],[106539.2,0.0004],[106538.3,0.029985],[106538.2,0.050257],[106536.8,0.03],[106536.7,0.046924],[106536.6,0.0002],[106536.2,7.1e-05],[106536.1,0.003],[106534.9,0.122497],[106534.6,0.093882],[106534.4,0.000768]],"asks":[[106550.3,0.541124],[106551.1,0.000602],[106551.8,0.001146],[106552.6,0.0002],[106552.8,0.0005],[106555.5,0.001146],[106555.6,0.0002],[106556.5,0.123278],[106556.8,0.009386],[106557.3,0.009386],[106558.5,0.112704],[106558.8,0.021366],[106560.1,0.001146],[106560.9,0.187608],[106561.0,0.1327],[106561.5,0.031777],[106562.3,0.058324],[106562.4,0.008979],[106562.8,0.093858],[106563.3,7.1e-05]]},"raw":{}}
{"exchange":"bybit","instance_id":"B","symbol":"BTC-USD","event_ts":1762205086.249,"seq":50536054,"depth":{"last_seq":50536054,"bids":[[106550.2,0.559574],[106544.9,0.110464],[106544.8,0.093874],[106544.1,0.0007],[106543.6,0.093875],[106542.0,0.08],[106541.7,0.051022],[106540.7,0.009171],[106539.8,0.000768],[106539.2,0.0004],[106538.3,0.029985],[106538.2,0.050257],[106536.7,0.046924],[106536.6,0.0002],[106536.2,7.1e-05],[106536.1,0.003],[106534.9,0.122497],[106534.6,0.093882],[106534.4,0.000768],[106534.0,0.1]],"asks":[[106550.3,0.541124],[106551.1,0.000602],[106551.8,0.001146],[106552.6,0.0002],[106552.8,0.0005],[106555.5,0.001146],[106555.6,0.0002],[106556.5,0.123278],[106556.8,0.009386],[106557.3,0.009386],[106557.7,0.050256],[106558.5,0.112704],[106558.8,0.021366],[106560.1,0.001146],[106560.9,0.187608],[106561.0,0.1327],[106561.5,0.031777],[106562.3,0.058324],[106562.4,0.008979],[106562.8,0.093858]]},"raw":{}}
{"exchange":"bybit","instance_id":"B","symbol":"BTC-USD","event_ts":1762205086.289,"seq":50536055,"depth":{"last_seq":50536055,"bids":[[106550.2,0.559574],[106544.9,0.110464],[106544.8,0.093874],[106544.1,0.0007],[106543.6,0.093875],[106542.0,0.08],[106541.7,0.051022],[106540.7,0.009171],[106539.8,0.000768],[106539.2,0.0004],[106538.3,0.029985],[106538.2,0.050257],[106536.7,0.046924],[106536.6,0.0002],[106536.2,7.1e-05],[106536.1,0.003],[106534.9,0.122497],[106534.6,0.093882],[106534.4,0.000768],[106534.0,0.1]],"asks":[[106550.3,0.541124],[106551.1,0.000602],[106551.8,0.001146],[106552.6,0.0002],[106552.8,0.0005],[106555.5,0.001146],[106555.6,0.0002],[106556.5,0.123278],[106556.8,0.009386],[106557.3,0.009386],[106557.7,0.050256],[106558.5,0.112704],[106558.8,0.021366],[106560.1,0.001146],[106560.9,0.187608],[106561.0,0.1327],[106561.5,0.031777],[106562.3,0.058324],[106562.4,0.008979],[106562.8,0.093858]]},"raw":{}}
{"exchange":"bybit","instance_id":"B","symbol":"BTC-USD","event_ts":1762205086.409,"seq":50536056,"depth":{"last_seq":50536056,"bids":[[106550.2,0.559574],[106544.9,0.110464],[106544.8,0.093874],[106544.1,0.0007],[106543.6,0.093875],[106542.0,0.08],[106541.7,0.051022],[106540.7,0.009171],[106539.8,0.000768],[106539.2,0.0004],[106538.3,0.029985],[106538.2,0.050257],[106536.7,0.046924],[106536.6,0.0002],[106536.2,7.1e-05],[106536.1,0.003],[106534.9,0.122497],[106534.6,0.093882],[106534.4,0.000768],[106534.0,0.1]],"asks":[[106550.3,0.541124],[106551.1,0.000602],[106551.8,0.001146],[106552.6,0.0002],[106552.8,0.0005],[106555.5,0.001146],[106555.6,0.0002],[106556.5,0.123278],[106556.8,0.009386],[106557.3,0.009386],[106557.7,0.050256],[106558.5,0.112704],[106558.8,0.021366],[106560.1,0.001146],[106560.9,0.187608],[106561.0,0.1327],[106561.5,0.031777],[106562.3,0.058324],[106562.4,0.008979],[106562.8,0.093858]]},"raw":{}}
{"exchange":"bybit","instance_id":"B","symbol":"BTC-USD","event_ts":1762205086.51,"seq":50536057,"depth":{"last_seq":50536057,"bids":[[106550.2,0.559574],[106544.9,0.110464],[106544.8,0.093874],[106544.1,0.0007],[106543.6,0.093875],[106542.0,0.08],[106541.7,0.051022],[106540.7,0.009171],[106539.8,0.000768],[106539.2,0.0004],[106538.3,0.029985],[106538.2,0.050257],[106536.7,0.046924],[106536.6,0.0002],[106536.2,7.1e-05],[106536.1,0.003],[106534.9,0.122497],[106534.6,0.093882],[106534.4,0.000768],[106534.0,0.1]],"asks":[[106550.3,0.541124],[106551.1,0.000602],[106551.8,0.001146],[106552.6,0.0002],[106552.8,0.0005],[106555.5,0.001146],[106555.6,0.0002],[106556.5,0.123278],[106556.8,0.009386],[106557.3,0.009386],[106557.7,0.050256],[106558.5,0.112704],[106558.8,0.021366],[106560.1,0.001146],[106560.9,0.187608],[106561.0,0.1327],[106561.5,0.031777],[106562.3,0.058324],[106562.4,0.008979],[106562.8,0.093858]]},"raw":{}}
{"exchange":"bybit","instance_id":"B","symbol":"BTC-USD","event_ts":1762205086.569,"seq":50536058,"depth":{"last_seq":50536058,"bids":[[106550.2,0.559574],[106544.8,0.093874],[106544.1,0.0007],[106543.6,0.093875],[106542.0,0.08],[106541.7,0.051022],[106540.7,0.009171],[106539.8,0.000768],[106539.2,0.0004],[106538.2,0.050257],[106536.7,0.046924],[106536.6,0.0002],[106536.2,7.1e-05],[106536.1,0.003],[106534.6,0.093882],[106534.4,0.000768],[106534.0,0.1],[106533.9,0.1],[106533.4,0.1327],[106530.2,0.008]],"asks":[[106550.3,0.541124],[106551.1,0.000602],[106551.8,0.001146],[106552.6,0.0002],[106552.8,0.0005],[106555.5,0.001146],[106555.6,0.0002],[106556.5,0.123278],[106556.8,0.009386],[106557.3,0.009386],[106557.7,0.050256],[106558.5,0.112704],[106558.8,0.021366],[106560.1,0.001146],[106560.9,0.187608],[106561.0,0.1327],[106561.5,0.031777],[106562.3,0.058324],[106562.4,0.008979],[106562.8,0.093858]]},"raw":{}}
{"exchange":"bybit","instance_id":"B","symbol":"BTC-USD","event_ts":1762205086.589,"seq":50536059,"depth":{"last_seq":50536059,"bids":[[106550.2,0.493374],[106544.8,0.093874],[106544.1,0.0007],[106543.6,0.093875],[106542.0,0.08],[106541.7,0.051022],[106540.7,0.009171],[106539.8,0.000768],[106539.2,0.0004],[106538.3,0.029985],[106538.2,0.050257],[106536.7,0.046924],[106536.6,0.0002],[106536.2,7.1e-05],[106536.1,0.003],[106534.7,0.131353],[106534.6,0.093882],[106534.4,0.000768],[106534.0,0.1],[106533.9,0.1]],"asks":[[106550.3,0.541124],[106551.1,0.000602],[106551.8,0.001146],[106552.6,0.0002],[106552.8,0.0005],[106555.5,0.001146],[106555.6,0.0002],[106556.5,0.123278],[106556.8,0.009386],[106557.3,0.009386],[106557.7,0.050256],[106558.5,0.112704],[106558.8,0.021366],[106560.1,0.001146],[106560.9,0.187608],[106561.0,0.1327],[106561.5,0.031777],[106562.3,0.058324],[106562.4,0.008979],[106562.8,0.093858]]},"raw":{}}
{"exchange":"bybit","instance_id":"B","symbol":"BTC-USD","event_ts":1762205086.61,"seq":50536060,"depth":{"last_seq":50536060,"bids":[[106550.2,0.464809],[106544.8,0.093874],[106544.1,0.0007],[106543.6,0.093875],[106542.0,0.08],[106541.7,0.051022],[106540.7,0.009171],[106539.8,0.000768],[106539.2,0.0004],[106538.3,0.029985],[106538.2,0.050257],[106536.7,0.046924],[106536.6,0.0002],[106536.2,7.1e-05],[106536.1,0.003],[106534.7,0.131353],[106534.6,0.093882],[106534.4,0.000768],[106533.4,0.1327],[106530.2,0.008]],"asks":[[106550.3,0.541124],[106551.1,0.000602],[106551.8,0.001146],[106552.4,0.009386],[106552.6,0.0002],[106552.8,0.0005],[106555.5,0.001146],[106555.6,0.0002],[106556.5,0.123278],[106557.3,0.009386],[106557.7,0.050256],[106557.9,0.093862],[106558.5,0.112704],[106558.8,0.021366],[106560.1,0.001146],[106560.9,0.187608],[106561.0,0.1327],[106561.5,0.031777],[106562.3,0.058324],[106562.4,0.008979]]},"raw":{}}
{"exchange":"bybit","instance_id":"B","symbol":"BTC-USD","event_ts":1762205086.629,"seq":50536061,"depth":{"last_seq":50536061,"bids":[[106550.2,0.464809],[106544.8,0.093874],[106544.1,0.0007],[106543.6,0.093875],[106542.0,0.08],[106541.7,0.051022],[106540.7,0.009171],[106539.8,0.000768],[106539.2,0.0004],[106538.3,0.029985],[106538.2,0.050257],[106536.7,0.046924],[106536.6,0.0002],[106536.2,7.1e-05],[106536.1,0.003],[106534.7,0.071653],[106534.6,0.093882],[106534.4,0.000768],[106533.4,0.1327],[106530.2,0.008]],"asks":[[106550.3,0.541124],[106551.1,0.000602],[106551.8,0.001146],[106552.6,0.0002],[106552.8,0.0005],[106555.5,0.001146],[106555.6,0.0002],[106556.5,0.178903],[106557.3,0.009386],[106557.7,0.050256],[106557.9,0.093862],[106558.5,0.112704],[106558.8,0.021366],[106560.1,0.001146],[106560.9,0.187608],[106561.0,0.1327],[106561.5,0.031777],[106562.3,0.058324],[106562.4,0.008979],[106562.8,0.093858]]},"raw":{}}
{"exchange":"bybit","instance_id":"B","symbol":"BTC-USD","event_ts":1762205086.65,"seq":50536062,"depth":{"last_seq":50536062,"bids":[[106550.2,0.464809],[106544.8,0.093874],[106544.1,0.0007],[106543.6,0.093875],[106542.0,0.08],[106541.7,0.051022],[106540.7,0.009171],[106539.8,0.000768],[106539.2,0.0004],[106538.3,0.029985],[106538.2,0.050257],[106536.7,0.046924],[106536.6,0.0002],[106536.2,7.1e-05],[106536.1,0.003],[106534.7,0.071653],[106534.6,0.093882],[106534.4,0.000768],[106533.4,0.1327],[106530.2,0.008]],"asks":[[106550.3,0.541124],[106551.1,0.000602],[106551.5,0.009386],[106551.8,0.001146],[106552.6,0.0002],[106552.8,0.0005],[106555.5,0.001146],[106555.6,0.0002],[106556.5,0.178903],[106557.3,0.009386],[106557.7,0.050256],[106557.9,0.093862],[106558.5,0.112704],[106558.8,0.021366],[106560.1,0.001146],[106560.9,0.187608],[106561.0,0.1327],[106561.5,0.031777],[106562.3,0.058324],[106562.4,0.008979]]},"raw":{}}
{"exchange":"bybit","instance_id":"B","symbol":"BTC-USD","event_ts":1762205086.669,"seq":50536063,"depth":{"last_seq":50536063,"bids":[[106550.2,0.464809],[106544.9,0.0981],[106544.8,0.093874],[106544.1,0.0007],[106543.6,0.093875],[106542.0,0.08],[106541.7,0.051022],[106540.7,0.009171],[106539.8,0.000768],[106539.2,0.0004],[106538.3,0.029985],[106538.2,0.050257],[106536.7,0.046924],[106536.6,0.0002],[106536.2,7.1e-05],[106536.1,0.003],[106534.7,0.071653],[106534.6,0.093882],[106534.4,0.000768],[106533.4,0.1327]],"asks":[[106550.3,0.541124],[106551.1,0.000602],[106551.5,0.009386],[106551.8,0.001146],[106552.6,0.0002],[106552.8,0.0005],[106555.5,0.001146],[106555.6,0.0002],[106556.5,0.178903],[106557.3,0.009386],[106557.7,0.050256],[106557.9,0.093862],[106558.5,0.112704],[106558.8,0.021366],[106560.1,0.001146],[106560.9,0.187608],[106561.0,0.1327],[106561.5,0.031777],[106562.3,0.058324],[106562.4,0.008979]]},"raw":{}}
{"exchange":"bybit","instance_id":"B","symbol":"BTC-USD","event_ts":1762205086.69,"seq":50536064,"depth":{"last_seq":50536064,"bids":[[106550.2,0.464809],[106544.9,0.0981],[106544.8,0.093874],[106544.1,0.0007],[106543.6,0.093875],[106542.0,0.08],[106541.7,0.051022],[106540.7,0.009171],[106539.8,0.000768],[106539.2,0.0004],[106538.3,0.029985],[106538.2,0.050257],[106536.7,0.046924],[106536.6,0.0002],[106536.2,7.1e-05],[106536.1,0.003],[106534.7,0.071653],[106534.6,0.093882],[106534.4,0.000768],[106533.4,0.1327]],"asks":[[106550.3,0.541124],[106551.1,0.000602],[106551.5,0.009386],[106551.8,0.001146],[106552.6,0.0002],[106552.8,0.0005],[106555.5,0.001146],[106555.6,0.0002],[106556.5,0.178903],[106557.3,0.009386],[106557.7,0.050256],[106557.9,0.093862],[106558.5,0.112704],[106558.8,0.021366],[106560.1,0.001146],[106560.9,0.187608],[106561.0,0.1327],[106561.5,0.031777],[106562.3,0.058324],[106562.4,0.008979]]},"raw":{}}
{"exchange":"bybit","instance_id":"B","symbol":"BTC-USD","event_ts":1762205086.889,"seq":50536065,"depth":{"last_seq":50536065,"bids":[[106550.2,0.464809],[106544.9,0.0981],[106544.8,0.093874],[106544.1,0.0007],[106543.6,0.093875],[106542.0,0.08],[106541.7,0.051022],[106540.7,0.009171],[106539.8,0.000768],[106539.2,0.0004],[106538.3,0.029985],[106538.2,0.050257],[106536.7,0.046924],[106536.6,0.0002],[106536.2,7.1e-05],[106536.1,0.003],[106534.7,0.071653],[106534.6,0.093882],[106534.4,0.000768],[106533.4,0.1327]],"asks":[[106550.3,0.541124],[106551.1,0.000602],[106551.5,0.009386],[106551.8,0.001146],[106552.6,0.0002],[106552.8,0.0005],[106555.5,0.001146],[106555.6,0.0002],[106556.5,0.178903],[106557.3,0.009386],[106557.7,0.050256],[106557.9,0.093862],[106558.5,0.112704],[106558.8,0.021366],[106560.1,0.001146],[106560.9,0.187608],[106561.0,0.1327],[106561.5,0.031777],[106562.3,0.058324],[106562.4,0.008979]]},"raw":{}}
{"exchange":"bybit","instance_id":"B","symbol":"BTC-USD","event_ts":1762205086.91,"seq":50536066,"depth":{"last_seq":50536066,"bids":[[106550.2,0.464809],[106544.9,0.0981],[106544.8,0.093874],[106544.1,0.0007],[106543.6,0.093875],[106542.0,0.08],[106541.7,0.051022],[106540.7,0.009171],[106539.8,0.000768],[106539.2,0.0004],[106538.3,0.029985],[106538.2,0.050257],[106536.7,0.046924],[106536.6,0.0002],[106536.2,7.1e-05],[106536.1,0.003],[106534.7,0.071653],[106534.6,0.093882],[106534.4,0.000768],[106533.4,0.1327]],"asks":[[106550.3,0.541124],[106551.1,0.000602],[106551.5,0.009386],[106551.8,0.001146],[106552.6,0.0002],[106552.8,0.0005],[106555.5,0.001146],[106555.6,0.0002],[106556.5,0.178903],[106557.3,0.009386],[106557.7,0.050256],[106557.9,0.093862],[106558.5,0.112704],[106558.8,0.021366],[106560.1,0.001146],[106560.9,0.187608],[106561.0,0.1327],[106561.5,0.031777],[106562.3,0.058324],[106562.4,0.008979]]},"raw":{}}
{"exchange":"bybit","instance_id":"B","symbol":"BTC-USD","event_ts":1762205087.049,"seq":50536067,"depth":{"last_seq":50536067,"bids":[[106550.2,0.464809],[106544.9,0.0981],[106544.8,0.093874],[106544.1,0.0007],[106543.6,0.093875],[106542.0,0.08],[106541.7,0.051022],[106540.7,0.009171],[106539.8,0.000768],[106539.2,0.0004],[106538.3,0.029985],[106538.2,0.050257],[106536.7,0.046924],[106536.6,0.0002],[106536.2,7.1e-05],[106536.1,0.003],[106534.7,0.071653],[106534.6,0.093882],[106534.4,0.000768],[106533.4,0.1327]],"asks":[[106550.3,0.541124],[106551.1,0.000602],[106551.8,0.001146],[106552.4,0.009386],[106552.6,0.0002],[106552.8,0.0005],[106555.5,0.001146],[106555.6,0.0002],[106556.5,0.178903],[106557.3,0.009386],[106557.7,0.050256],[106557.9,0.093862],[106558.5,0.112704],[106558.8,0.021366],[106560.1,0.001146],[106560.9,0.187608],[106561.0,0.1327],[106561.5,0.031777],[106562.3,0.058324],[106562.4,0.008979]]},"raw":{}}
{"exchange":"bybit","instance_id":"B","symbol":"BTC-USD","event_ts":1762205087.129,"seq":50536068,"depth":{"last_seq":50536068,"bids":[[106550.2,0.465309],[106544.9,0.0981],[106544.8,0.093874],[106544.1,0.0007],[106543.6,0.093875],[106542.0,0.08],[106541.7,0.051022],[106540.7,0.009171],[106540.4,0.03],[106539.8,0.000768],[106539.2,0.0004],[106538.3,0.029985],[106538.2,0.050257],[106536.7,0.046924],[106536.6,0.0002],[106536.2,7.1e-05],[106536.1,0.003],[106534.7,0.071653],[106534.6,0.093882],[106534.4,0.000768]],"asks":[[106550.3,0.541124],[106551.1,0.000602],[106551.8,0.001146],[106552.4,0.009386],[106552.6,0.0002],[106552.8,0.0005],[106555.5,0.001146],[106555.6,0.0002],[106556.5,0.178903],[106557.3,0.009386],[106557.7,0.050256],[106557.9,0.093862],[106558.5,0.112704],[106558.8,0.021366],[106560.1,0.001146],[106560.9,0.187608],[106561.0,0.1327],[106561.5,0.031777],[106562.3,0.058324],[106562.4,0.008979]]},"raw":{}}
{"exchange":"bybit","instance_id":"B","symbol":"BTC-USD","event_ts":1762205087.15,"seq":50536069,"depth":{"last_seq":50536069,"bids":[[106550.2,0.465309],[106544.9,0.0981],[106544.8,0.093874],[106544.1,0.0007],[106543.6,0.093875],[106542.0,0.08],[106541.7,0.051022],[106540.7,0.009171],[106540.4,0.03],[106539.8,0.000768],[106539.2,0.0004],[106538.3,0.029985],[106538.2,0.050257],[106536.7,0.046924],[106536.6,0.0002],[106536.2,7.1e-05],[106536.1,0.003],[106534.7,0.071653],[106534.6,0.093882],[106534.4,0.000768]],"asks":[[106550.3,0.541124],[106551.1,0.000602],[106551.8,0.001146],[106552.6,0.0002],[106552.8,0.0005],[106553.4,0.009386],[106555.5,0.001146],[106555.6,0.0002],[106556.5,0.178903],[106557.3,0.009386],[106557.7,0.050256],[106557.9,0.093862],[106558.5,0.112704],[106558.8,0.021366],[106560.1,0.001146],[106560.9,0.187608],[106561.0,0.1327],[106561.5,0.031777],[106562.3,0.058324],[106562.4,0.008979]]},"raw":{}}
{"exchange":"bybit","instance_id":"B","symbol":"BTC-USD","event_ts":1762205087.21,"seq":50536070,"depth":{"last_seq":50536070,"bids":[[106550.2,0.465309],[106544.9,0.0981],[106544.8,0.093874],[106544.1,0.0007],[106543.6,0.093875],[106542.0,0.08],[106541.7,0.051022],[106540.7,0.009171],[106540.4,0.03],[106539.8,0.000768],[106539.2,0.0004],[106538.3,0.029985],[106538.2,0.050257],[106536.7,0.046924],[106536.6,0.0002],[106536.2,7.1e-05],[106536.1,0.003],[106534.7,0.071653],[106534.6,0.093882],[106534.4,0.000768]],"asks":[[106550.3,0.541324],[106551.1,0.000602],[106551.8,0.001146],[106552.6,0.0002],[106552.8,0.0005],[106553.4,0.009386],[106555.5,0.001146],[106555.6,0.0002],[106556.5,0.178903],[106557.3,0.009386],[106557.7,0.050256],[106557.9,0.093862],[106558.5,0.112704],[106558.8,0.021366],[106560.1,0.001146],[106560.9,0.187608],[106561.0,0.1327],[106561.5,0.031777],[106562.3,0.058324],[106562.4,0.008979]]},"raw":{}}
{"exchange":"bybit","instance_id":"B","symbol":"BTC-USD","event_ts":1762205087.229,"seq":50536071,"depth":{"last_seq":50536071,"bids":[[106550.2,0.465309],[106544.9,0.0981],[106544.8,0.093874],[106544.1,0.0007],[106543.6,0.093875],[106542.0,0.08],[106541.7,0.051022],[106540.7,0.009171],[106540.4,0.03],[106539.8,0.000768],[106539.2,0.0004],[106538.3,0.029985],[106538.2,0.050257],[106536.7,0.046924],[106536.6,0.0002],[106536.2,7.1e-05],[106536.1,0.003],[106534.7,0.071653],[106534.6,0.093882],[106534.4,0.000768]],"asks":[[106550.3,0.541324],[106551.1,0.000602],[106551.8,0.001146],[106552.6,0.0002],[106552.8,0.0005],[106555.5,0.001146],[106555.6,0.0002],[106556.5,0.178903],[106557.3,0.009386],[106557.7,0.050256],[106557.9,0.093862],[106558.5,0.112704],[106558.8,0.021366],[106560.1,0.001146],[106560.9,0.187608],[106561.0,0.1327],[106561.5,0.031777],[106562.3,0.058324],[106562.4,0.008979],[106562.8,0.093858]]},"raw":{}}
{"exchange":"bybit","instance_id":"B","symbol":"BTC-USD","event_ts":1762205087.25,"seq":50536072,"depth":{"last_seq":50536072,"bids":[[106550.2,0.531509],[106544.9,0.0981],[106544.8,0.093874],[106544.1,0.0007],[106543.6,0.093875],[106542.0,0.08],[106541.7,0.051022],[106540.7,0.009171],[106540.4,0.03],[106539.8,0.000768],[106539.2,0.0004],[106538.3,0.029985],[106538.2,0.050257],[106536.7,0.046924],[106536.6,0.0002],[106536.2,7.1e-05],[106536.1,0.003],[106534.7,0.071653],[106534.6,0.093882],[106534.4,0.000768]],"asks":[[106550.3,0.408624],[106551.1,0.000602],[106551.8,0.001146],[106552.6,0.0002],[106552.8,0.0005],[106555.5,0.001146],[106555.6,0.0002],[106556.5,0.178903],[106557.3,0.009386],[106557.7,0.050256],[106557.9,0.093862],[106558.5,0.112704],[106558.8,0.021366],[106560.1,0.001146],[106560.9,0.187608],[106561.0,0.1327],[106561.5,0.031777],[106562.3,0.058324],[106562.4,0.008979],[106562.8,0.093858]]},"raw":{}}
{"exchange":"bybit","instance_id":"B","symbol":"BTC-USD","event_ts":1762205087.269,"seq":50536073,"depth":{"last_seq":50536073,"bids":[[106550.2,0.531509],[106544.9,0.0981],[106544.8,0.093874],[106544.1,0.0007],[106543.6,0.093875],[106542.0,0.08],[106541.7,0.051022],[106540.7,0.009171],[106540.4,0.03],[106539.8,0.000768],[106539.2,0.0004],[106538.3,0.029985],[106538.2,0.050257],[106536.7,0.046924],[106536.6,0.0002],[106536.2,7.1e-05],[106536.1,0.003],[106536.0,0.1],[106535.9,0.1],[106534.7,0.071653]],"asks":[[106550.3,0.408624],[106551.1,0.000602],[106551.8,0.001146],[106552.6,0.0002],[106552.8,0.0005],[106555.5,0.001146],[106555.6,0.0002],[106556.5,0.178903],[106557.3,0.009386],[106557.7,0.050256],[106557.9,0.093862],[106558.5,0.112704],[106558.8,0.021366],[106560.1,0.001146],[106560.9,0.187608],[106561.0,0.1327],[106561.5,0.031777],[106562.3,0.058324],[106562.4,0.008979],[106562.8,0.093858]]},"raw":{}}
{"exchange":"bybit","instance_id":"B","symbol":"BTC-USD","event_ts":1762205087.289,"seq":50536074,"depth":{"last_seq":50536074,"bids":[[106550.2,0.531509],[106544.9,0.0981],[106544.8,0.093874],[106544.1,0.0007],[106543.6,0.093875],[106542.0,0.08],[106541.7,0.051022],[106540.7,0.009171],[106540.4,0.03],[106539.8,0.000768],[106539.2,0.0004],[106538.3,0.085851],[106538.2,0.050257],[106536.7,0.046924],[106536.6,0.0002],[106536.2,7.1e-05],[106536.1,0.003],[106536.0,0.1],[106535.9,0.1],[106534.7,0.071653]],"asks":[[106550.3,0.408624],[106551.1,0.000602],[106551.8,0.001146],[106552.6,0.0002],[106552.8,0.0005],[106555.5,0.001146],[106555.6,0.0002],[106556.5,0.178903],[106557.3,0.009386],[106557.7,0.050256],[106557.9,0.093862],[106558.5,0.112704],[106558.8,0.021366],[106560.1,0.001146],[106560.9,0.187608],[106561.0,0.1327],[106561.5,0.031777],[106562.3,0.058324],[106562.4,0.008979],[106562.8,0.093858]]},"raw":{}}
{"exchange":"bybit","instance_id":"B","symbol":"BTC-USD","event_ts":1762205087.309,"seq":50536075,"depth":{"last_seq":50536075,"bids":[[106550.2,0.531509],[106544.9,0.0981],[106544.8,0.093874],[106544.1,0.0007],[106543.6,0.093875],[106542.0,0.08],[106541.7,0.051022],[106540.7,0.009171],[106540.4,0.03],[106539.8,0.000768],[106539.2,0.0004],[106538.3,0.085851],[106538.2,0.050257],[106536.7,0.046924],[106536.6,0.0002],[106536.2,7.1e-05],[106536.1,0.003],[106536.0,0.1],[106535.9,0.1],[106534.7,0.071653]],"asks":[[106550.3,0.408624],[106551.1,0.000602],[106551.8,0.001146],[106552.6,0.0002],[106552.8,0.0005],[106555.5,0.001146],[106555.6,0.0002],[106556.5,0.178903],[106556.6,0.009386],[106557.3,0.009386],[106557.7,0.050256],[106557.9,0.093862],[106558.5,0.112704],[106558.8,0.021366],[106560.1,0.001146],[106560.9,0.187608],[106561.0,0.1327],[106561.5,0.031777],[106562.3,0.058324],[106562.4,0.008979]]},"raw":{}}
{"exchange":"bybit","instance_id":"B","symbol":"BTC-USD","event_ts":1762205087.389,"seq":50536076,"depth":{"last_seq":50536076,"bids":[[106550.2,0.531509],[106545.0,0.0129],[106544.9,0.0981],[106544.8,0.093874],[106544.1,0.0007],[106543.6,0.093875],[106542.0,0.08],[106541.7,0.051022],[106540.7,0.009171],[106540.4,0.03],[106539.8,0.000768],[106539.2,0.0004],[106538.3,0.085851],[106538.2,0.050257],[106536.7,0.046924],[106536.6,0.0002],[106536.2,7.1e-05],[106536.1,0.003],[106536.0,0.1],[106535.9,0.1]],"asks":[[106550.3,0.408624],[106551.1,0.000602],[106551.8,0.001146],[106552.6,0.0002],[106552.8,0.0005],[106555.5,0.001146],[106555.6,0.0002],[106556.5,0.178903],[106556.6,0.009386],[106557.3,0.009386],[106557.7,0.050256],[106557.9,0.093862],[106558.5,0.112704],[106558.8,0.021366],[106560.1,0.001146],[106560.9,0.187608],[106561.0,0.1327],[106561.5,0.031777],[106562.3,0.058324],[106562.4,0.008979]]},"raw":{}}
{"exchange":"bybit","instance_id":"B","symbol":"BTC-USD","event_ts":1762205087.509,"seq":50536077,"depth":{"last_seq":50536077,"bids":[[106550.2,0.531509],[106545.0,0.0129],[106544.9,0.0981],[106544.8,0.093874],[106544.1,0.0007],[106543.6,0.093875],[106542.0,0.08],[106541.7,0.051022],[106540.7,0.009171],[106540.4,0.03],[106539.8,0.000768],[106539.2,0.0004],[106538.3,0.085851],[106538.2,0.050257],[106536.7,0.046924],[106536.6,0.0002],[106536.2,7.1e-05],[106536.1,0.003],[106536.0,0.1],[106535.9,0.1]],"asks":[[106550.3,0.541324],[106551.1,0.000602],[106551.8,0.001146],[106552.6,0.0002],[106552.8,0.0005],[106555.5,0.001146],[106555.6,0.0002],[106556.5,0.178903],[106556.6,0.009386],[106557.3,0.009386],[106557.7,0.050256],[106557.9,0.093862],[106558.5,0.112704],[106558.8,0.021366],[106560.1,0.001146],[106560.9,0.187608],[106561.0,0.1327],[106561.5,0.031777],[106562.3,0.058324],[106562.4,0.008979]]},"raw":{}}
{"exchange":"bybit","instance_id":"B","symbol":"BTC-USD","event_ts":1762205087.53,"seq":50536078,"depth":{"last_seq":50536078,"bids":[[106550.2,0.531509],[106545.0,0.0129],[106544.9,0.0981],[106544.8,0.093874],[106544.1,0.0007],[106543.6,0.093875],[106542.0,0.08],[106541.7,0.051022],[106540.7,0.009171],[106540.4,0.03],[106539.8,0.000768],[106539.2,0.0004],[106538.3,0.085851],[106538.2,0.050257],[106536.7,0.046924],[106536.6,0.0002],[106536.2,7.1e-05],[106536.1,0.003],[106536.0,0.1],[106535.9,0.1]],"asks":[[106550.3,0.541324],[106551.1,0.000602],[106551.8,0.001146],[106552.6,0.0002],[106552.8,0.0005],[106555.5,0.001146],[106555.6,0.0002],[106556.5,0.178903],[106556.6,0.009386],[106557.3,0.009386],[106557.7,0.050256],[106557.9,0.093862],[106558.5,0.112704],[106558.8,0.021366],[106560.1,0.001146],[106560.9,0.187608],[106561.0,0.1327],[106561.5,0.031777],[106562.3,0.058324],[106562.4,0.008979]]},"raw":{}}
{"exchange":"bybit","instance_id":"B","symbol":"BTC-USD","event_ts":1762205087.549,"seq":50536079,"depth":{"last_seq":50536079,"bids":[[106550.2,0.531509],[106545.0,0.0129],[106544.9,0.0981],[106544.8,0.093874],[106544.1,0.0007],[106543.6,0.093875],[106542.0,0.08],[106541.7,0.051022],[106540.7,0.009171],[106540.4,0.03],[106539.8,0.000768],[106539.2,0.0004],[106538.3,0.085851],[106538.2,0.050257],[106536.7,0.046924],[106536.6,0.0002],[106536.2,7.1e-05],[106536.1,0.003],[106536.0,0.1],[106535.9,0.1]],"asks":[[106550.3,0.541324],[106551.1,0.000602],[106551.8,0.001146],[106552.6,0.0002],[106552.8,0.0005],[106555.5,0.001146],[106555.6,0.0002],[106556.5,0.178903],[106557.3,0.009386],[106557.7,0.059642],[106558.5,0.112704],[106558.8,0.021366],[106560.1,0.001146],[106560.9,0.187608],[106561.0,0.1327],[106561.5,0.031777],[106562.3,0.058324],[106562.4,0.008979],[106562.8,0.093858],[106563.3,7.1e-05]]},"raw":{}}
{"exchange":"bybit","instance_id":"B","symbol":"BTC-USD","event_ts":1762205087.57,"seq":50536080,"depth":{"last_seq":50536080,"bids":[[106550.2,0.531509],[106545.0,0.0129],[106544.9,0.0981],[106544.8,0.093874],[106544.1,0.0007],[106543.6,0.093875],[106542.0,0.08],[106541.7,0.051022],[106540.7,0.009171],[106540.4,0.03],[106539.8,0.000768],[106539.2,0.0004],[106538.3,0.085851],[106538.2,0.050257],[106536.7,0.046924],[106536.6,0.0002],[106536.2,7.1e-05],[106536.1,0.003],[106536.0,0.1],[106535.9,0.1]],"asks":[[106550.3,0.408624],[106551.1,0.000602],[106551.8,0.001146],[106552.6,0.0002],[106552.8,0.0005],[106555.5,0.001146],[106555.6,0.0002],[106556.5,0.178903],[106557.3,0.009386],[106557.7,0.059642],[106558.5,0.112704],[106558.8,0.021366],[106560.1,0.001146],[106560.9,0.187608],[106561.0,0.1327],[106561.5,0.031777],[106562.3,0.058324],[106562.4,0.008979],[106562.8,0.093858],[106563.3,7.1e-05]]},"raw":{}}
{"exchange":"bybit","instance_id":"B","symbol":"BTC-USD","event_ts":1762205087.589,"seq":50536081,"depth":{"last_seq":50536081,"bids":[[106550.2,0.531509],[106545.0,0.0129],[106544.9,0.0981],[106544.8,0.093874],[106544.1,0.0007],[106543.6,0.093875],[106542.0,0.08],[106541.7,0.051022],[106540.7,0.009171],[106540.4,0.03],[106539.8,0.000768],[106539.2,0.0004],[106538.3,0.085851],[106538.2,0.050257],[106536.7,0.046924],[106536.6,0.0002],[106536.2,7.1e-05],[106536.1,0.003],[106536.0,0.1],[106535.9,0.1]],"asks":[[106550.3,0.408624],[106551.1,0.000602],[106551.8,0.001146],[106552.6,0.0002],[106552.8,0.0005],[106555.5,0.001146],[106555.6,0.0002],[106556.5,0.178903],[106556.8,0.009386],[106557.3,0.009386],[106557.7,0.050256],[106558.5,0.112704],[106558.8,0.021366],[106560.1,0.001146],[106560.9,0.187608],[106561.0,0.1327],[106561.5,0.031777],[106562.3,0.058324],[106562.4,0.008979],[106562.8,0.093858]]},"raw":{}}
{"exchange":"bybit","instance_id":"B","symbol":"BTC-USD","event_ts":1762205087.61,"seq":50536082,"depth":{"last_seq":50536082,"bids":[[106550.2,0.531509],[106545.0,0.0129],[106544.9,0.0981],[106544.8,0.093874],[106544.1,0.0007],[106543.6,0.093875],[106542.0,0.08],[106541.7,0.051022],[106540.7,0.009171],[106540.4,0.03],[106539.8,0.000768],[106539.2,0.0004],[106538.3,0.085851],[106538.2,0.050257],[106536.7,0.046924],[106536.6,0.0002],[106536.2,7.1e-05],[106536.1,0.003],[106536.0,0.1],[106535.9,0.1]],"asks":[[106550.3,0.408624],[106551.1,0.000602],[106551.8,0.001146],[106552.6,0.0002],[106552.8,0.0005],[106555.5,0.001146],[106555.6,0.0002],[106556.5,0.178903],[106557.3,0.009386],[106557.7,0.050256],[106558.5,0.112704],[106558.8,0.021366],[106560.1,0.001146],[106560.9,0.187608],[106561.0,0.1327],[106561.5,0.031777],[106562.3,0.058324],[106562.4,0.008979],[106562.8,0.093858],[106563.3,7.1e-05]]},"raw":{}}
{"exchange":"bybit","instance_id":"B","symbol":"BTC-USD","event_ts":1762205087.63,"seq":50536083,"depth":{"last_seq":50536083,"bids":[[106550.2,0.535943],[106545.0,0.0129],[106544.9,0.0981],[106544.8,0.093874],[106544.1,0.0007],[106543.6,0.093875],[106542.0,0.08],[106541.7,0.051022],[106540.7,0.009171],[106540.4,0.03],[106539.8,0.000768],[106539.2,0.0004],[106538.3,0.085851],[106538.2,0.050257],[106536.7,0.046924],[106536.6,0.0002],[106536.2,7.1e-05],[106536.1,0.003],[106536.0,0.1],[106535.9,0.1]],"asks":[[106550.3,0.408624],[106551.1,0.000602],[106551.8,0.001146],[106552.6,0.0002],[106552.8,0.0005],[106555.5,0.001146],[106555.6,0.0002],[106556.0,0.009386],[106556.5,0.178903],[106557.3,0.009386],[106557.7,0.050256],[106558.5,0.112704],[106558.8,0.021366],[106560.1,0.001146],[106560.9,0.187608],[106561.0,0.1327],[106561.5,0.031777],[106562.3,0.058324],[106562.4,0.008979],[106562.8,0.093858]]},"raw":{}}
{"exchange":"bybit","instance_id":"B","symbol":"BTC-USD","event_ts":1762205087.67,"seq":50536084,"depth":{"last_seq":50536084,"bids":[[106550.2,0.535943],[106545.0,0.0129],[106544.9,0.0981],[106544.8,0.093874],[106544.1,0.0007],[106543.6,0.093875],[106542.0,0.08],[106541.7,0.051022],[106540.7,0.009171],[106540.4,0.03],[106539.8,0.000768],[106539.2,0.0004],[106538.3,0.085851],[106538.2,0.050257],[106536.7,0.046924],[106536.6,0.0002],[106536.2,7.1e-05],[106536.1,0.003],[106536.0,0.1],[106535.9,0.1]],"asks":[[106550.3,0.408624],[106551.1,0.000602],[106551.8,0.001146],[106552.6,0.0002],[106552.8,0.0005],[106555.5,0.001146],[106555.6,0.0002],[106556.0,0.009386],[106556.5,0.178903],[106557.3,0.009386],[106557.7,0.050256],[106558.5,0.112704],[106558.8,0.021366],[106560.1,0.001146],[106560.9,0.187608],[106561.0,0.1327],[106561.5,0.031777],[106562.3,0.058324],[106562.4,0.008979],[106562.8,0.093858]]},"raw":{}}
{"exchange":"bybit","instance_id":"B","symbol":"BTC-USD","event_ts":1762205087.71,"seq":50536085,"depth":{"last_seq":50536085,"bids":[[106550.2,0.535943],[106545.0,0.0129],[106544.9,0.0981],[106544.8,0.093874],[106544.1,0.0007],[106543.6,0.093875],[106542.0,0.08],[106541.7,0.051022],[106540.7,0.009171],[106540.4,0.03],[106539.8,0.000768],[106539.2,0.0004],[106538.3,0.085851],[106538.2,0.050257],[106536.7,0.046924],[106536.6,0.0002],[106536.2,7.1e-05],[106536.1,0.003],[106536.0,0.1],[106535.9,0.1]],"asks":[[106550.3,0.408624],[106551.1,0.000602],[106551.8,0.001146],[106552.6,0.0002],[106552.8,0.0005],[106555.5,0.001146],[106555.6,0.0002],[106556.0,0.009386],[106556.5,0.178903],[106557.3,0.009386],[106557.7,0.050256],[106558.5,0.112704],[106558.8,0.021366],[106560.1,0.001146],[106560.9,0.187608],[106561.0,0.1327],[106561.5,0.031777],[106562.3,0.058324],[106562.4,0.008979],[106562.8,0.093858]]},"raw":{}}
{"exchange":"bybit","instance_id":"B","symbol":"BTC-USD","event_ts":1762205087.749,"seq":50536086,"depth":{"last_seq":50536086,"bids":[[106550.2,0.535943],[106545.0,0.0129],[106544.9,0.0981],[106544.8,0.093874],[106544.1,0.0007],[106543.6,0.093875],[106542.0,0.08],[106541.7,0.051022],[106540.7,0.009171],[106540.4,0.03],[106539.8,0.000768],[106539.2,0.0004],[106538.3,0.085851],[106538.2,0.050257],[106536.7,0.046924],[106536.6,0.0002],[106536.2,7.1e-05],[106536.1,0.003],[106536.0,0.1],[106535.9,0.1]],"asks":[[106550.3,0.408624],[106551.1,0.000602],[106551.8,0.001146],[106552.6,0.0002],[106552.8,0.0005],[106555.5,0.001146],[106555.6,0.0002],[106556.5,0.178903],[106557.3,0.009386],[106557.4,0.009386],[106557.7,0.050256],[106558.5,0.112704],[106558.8,0.021366],[106560.1,0.001146],[106560.9,0.187608],[106561.0,0.1327],[106561.5,0.031777],[106562.3,0.058324],[106562.4,0.008979],[106562.8,0.093858]]},"raw":{}}
{"exchange":"bybit","instance_id":"B","symbol":"BTC-USD","event_ts":1762205087.769,"seq":50536087,"depth":{"last_seq":50536087,"bids":[[106550.2,0.535943],[106544.9,0.0981],[106544.8,0.093874],[106544.1,0.0007],[106543.6,0.093875],[106542.0,0.08],[106541.7,0.051022],[106540.7,0.009171],[106540.4,0.03],[106539.8,0.000768],[106539.2,0.0004],[106538.3,0.085851],[106538.2,0.050257],[106536.7,0.046924],[106536.6,0.0002],[106536.2,7.1e-05],[106536.1,0.003],[106536.0,0.1],[106535.9,0.1],[106534.7,0.071653]],"asks":[[106550.3,0.408624],[106551.1,0.000602],[106551.8,0.001146],[106552.6,0.0002],[106552.8,0.0005],[106555.5,0.001146],[106555.6,0.0002],[106556.5,0.178903],[106557.3,0.009386],[106557.4,0.009386],[106557.7,0.050256],[106558.5,0.112704],[106558.8,0.021366],[106560.1,0.001146],[106560.9,0.187608],[106561.0,0.1327],[106561.5,0.031777],[106562.3,0.058324],[106562.4,0.008979],[106562.8,0.093858]]},"raw":{}}
{"exchange":"bybit","instance_id":"B","symbol":"BTC-USD","event_ts":1762205087.869,"seq":50536088,"depth":{"last_seq":50536088,"bids":[[106550.2,0.535943],[106545.9,0.050633],[106544.9,0.0981],[106544.8,0.093874],[106544.1,0.0007],[106543.6,0.093875],[106542.0,0.08],[106540.7,0.009171],[106540.4,0.03],[106539.8,0.000768],[106539.2,0.0004],[106538.3,0.085851],[106538.2,0.050257],[106536.7,0.046924],[106536.6,0.0002],[106536.2,7.1e-05],[106536.1,0.003],[106536.0,0.1],[106535.9,0.1],[106534.7,0.071653]],"asks":[[106550.3,0.037772],[106551.1,0.000602],[106551.8,0.001146],[106552.6,0.0002],[106552.8,0.0005],[106555.5,0.001146],[106555.6,0.0002],[106556.5,0.178903],[106557.3,0.009386],[106557.7,0.050256],[106558.5,0.112704],[106560.1,0.001146],[106560.7,0.009386],[106561.0,0.1327],[106561.5,0.031777],[106562.3,0.058324],[106562.4,0.008979],[106563.3,7.1e-05],[106563.4,0.0002],[106563.9,0.001146]]},"raw":{}}
{"exchange":"bybit","instance_id":"B","symbol":"BTC-USD","event_ts":1762205087.889,"seq":50536089,"depth":{"last_seq":50536089,"bids":[[106555.4,0.401699],[106552.7,0.448882],[106552.5,0.128721],[106551.7,0.539091],[106551.1,0.0129],[106551.0,0.577029],[106550.3,0.03777],[106550.2,0.086612],[106546.0,0.0129],[106545.9,0.050633],[106544.9,0.0981],[106544.8,0.093874],[106544.1,0.0007],[106542.0,0.08],[106541.2,0.071027],[106540.7,0.009171],[106540.4,0.03],[106540.2,0.004692],[106539.8,0.000768],[106539.2,0.0004]],"asks":[[106555.5,0.001146],[106555.6,0.0002],[106557.3,0.009386],[106557.7,0.050256],[106558.5,0.112704],[106560.1,0.001146],[106561.5,0.031777],[106563.3,7.1e-05],[106563.4,0.0002],[106563.9,0.001146],[106565.9,0.0007],[106566.2,0.001146],[106567.0,0.003],[106567.4,0.096821],[106568.3,0.0005],[106568.6,0.093853],[106568.7,0.0124],[106569.1,0.001146],[106570.5,0.004693],[106571.1,0.0005]]},"raw":{}}
{"exchange":"bybit","instance_id":"B","symbol":"BTC-USD","event_ts":1762205087.909,"seq":50536090,"depth":{"last_seq":50536090,"bids":[[106557.2,1.032532],[106555.5,0.616806],[106555.4,0.173636],[106551.7,0.001331],[106551.1,0.322204],[106551.0,0.027436],[106550.2,0.086612],[106547.3,0.000768],[106545.9,0.050633],[106545.3,0.0006],[106545.1,0.093874],[106544.9,0.0981],[106544.8,0.093874],[106544.1,0.0007],[106542.0,0.08],[106541.2,0.071027],[106540.7,0.009171],[106540.4,0.03],[106539.8,0.000768],[106539.2,0.0004]],"asks":[[106557.3,0.184224],[106558.5,0.112704],[106561.5,0.031777],[106563.3,0.050327],[106563.4,0.0002],[106563.9,0.001146],[106565.9,0.0007],[106566.2,0.001146],[106567.0,0.003],[106567.4,0.0341],[106568.3,0.0005],[106568.7,0.0124],[106569.1,0.001146],[106571.1,0.0005],[106571.5,0.001146],[106573.1,0.076618],[106573.8,0.021366],[106574.1,0.132771],[106574.6,0.001146],[106575.4,0.093847]]},"raw":{}}
{"exchange":"bybit","instance_id":"B","symbol":"BTC-USD","event_ts":1762205087.929,"seq":50536091,"depth":{"last_seq":50536091,"bids":[[106557.2,1.041918],[106555.6,0.204668],[106555.5,0.001064],[106555.4,0.031105],[106551.2,0.145564],[106551.1,0.093868],[106550.2,0.086612],[106547.3,0.000768],[106546.5,0.1327],[106545.9,0.050633],[106545.3,0.0006],[106545.1,0.093874],[106544.9,0.0981],[106544.8,0.093874],[106544.1,0.0007],[106542.0,0.08],[106541.2,0.071027],[106540.7,0.009171],[106540.4,0.03],[106539.8,0.000768]],"asks":[[106557.3,0.010324],[106558.5,0.112704],[106563.3,7.1e-05],[106563.4,0.0002],[106563.9,0.001146],[106565.9,0.0007],[106566.2,0.001146],[106567.0,0.003],[106568.3,0.0005],[106568.7,0.0124],[106569.1,0.001146],[106571.1,0.0005],[106571.5,0.001146],[106573.1,0.076618],[106573.8,0.021366],[106574.1,0.132771],[106574.6,0.001146],[106575.4,0.093847],[106576.4,0.093846],[106578.6,0.001145]]},"raw":{}}
{"exchange":"bybit","instance_id":"B","symbol":"BTC-USD","event_ts":1762205087.95,"seq":50536092,"depth":{"last_seq":50536092,"bids":[[106558.4,0.107516],[106557.2,1.065982],[106555.4,0.03],[106551.2,0.108827],[106551.1,0.093868],[106550.2,0.086612],[106548.6,0.004692],[106548.1,0.050256],[106547.3,0.000768],[106546.8,0.046921],[106546.5,0.1327],[106545.9,0.050633],[106545.3,0.0006],[106545.1,0.093874],[106544.9,0.0981],[106544.8,0.093874],[106544.1,0.0007],[106542.4,0.011262],[106542.0,0.08],[106541.2,0.071027]],"asks":[[106558.5,0.112704],[106563.3,7.1e-05],[106563.4,0.0002],[106563.9,0.001146],[106565.9,0.0007],[106566.2,0.001146],[106567.0,0.003],[106568.3,0.0005],[106568.7,0.0124],[106569.1,0.001146],[106571.1,0.0005],[106571.5,0.001146],[106573.1,0.076618],[106574.1,0.132771],[106574.6,0.001146],[106575.4,0.093847],[106576.4,0.093846],[106578.6,0.001145],[106579.2,0.021366],[106581.1,0.093842]]},"raw":{}}
{"exchange":"bybit","instance_id":"B","symbol":"BTC-USD","event_ts":1762205087.969,"seq":50536093,"depth":{"last_seq":50536093,"bids":[[106558.4,1.174758],[106557.3,0.318513],[106557.2,0.083634],[106555.4,0.03],[106551.2,0.108827],[106551.1,0.093868],[106550.2,0.086612],[106548.1,0.050256],[106547.3,0.000768],[106547.0,7.1e-05],[106546.5,0.1327],[106545.9,0.050633],[106545.3,0.0006],[106545.1,0.093874],[106544.9,0.0981],[106544.8,0.093874],[106544.1,0.0007],[106542.4,0.011262],[106542.0,0.08],[106541.2,0.071027]],"asks":[[106558.5,0.113642],[106563.3,7.1e-05],[106563.4,0.0002],[106565.9,0.0007],[106566.2,0.001146],[106567.0,0.003],[106568.3,0.0005],[106568.7,0.0124],[106569.1,0.001146],[106571.1,0.0005],[106571.5,0.001146],[106573.1,0.076618],[106574.1,0.132771],[106574.6,0.001146],[106575.4,0.093847],[106576.4,0.093846],[106578.6,0.001145],[106579.2,0.021366],[106581.1,0.093842],[106581.6,0.062379]]},"raw":{}}
{"exchange":"bybit","instance_id":"B","symbol":"BTC-USD","event_ts":1762205087.99,"seq":50536094,"depth":{"last_seq":50536094,"bids":[[106558.4,1.284758],[106557.3,0.024965],[106557.2,0.001064],[106556.0,0.000768],[106555.4,0.03],[106552.2,0.04692],[106551.2,0.108827],[106551.1,0.093868],[106551.0,0.000768],[106550.2,0.086612],[106549.2,0.004692],[106548.2,0.000768],[106548.1,0.050256],[106547.3,0.000768],[106547.0,7.1e-05],[106546.5,0.1327],[106545.9,0.050633],[106545.3,0.0006],[106545.1,0.093874],[106544.9,0.0981]],"asks":[[106558.5,0.112704],[106563.3,7.1e-05],[106563.4,0.0002],[106565.9,0.0007],[106566.2,0.001146],[106567.0,0.003],[106568.3,0.0005],[106568.7,0.0124],[106571.1,0.0005],[106571.5,0.001146],[106573.1,0.076618],[106574.1,0.132771],[106574.6,0.001146],[106574.8,0.001145],[106575.4,0.093847],[106576.4,0.093846],[106578.6,0.001145],[106579.2,0.021366],[106581.1,0.093842],[106581.6,0.062379]]},"raw":{}}
{"exchange":"bybit","instance_id":"B","symbol":"BTC-USD","event_ts":1762205088.01,"seq":50536095,"depth":{"last_seq":50536095,"bids":[[106563.3,0.016118],[106563.2,0.08257],[106558.4,1.247982],[106557.2,0.001064],[106556.0,0.000768],[106555.4,0.03],[106552.2,0.04692],[106551.2,0.108827],[106551.1,0.093868],[106551.0,0.000768],[106550.2,0.086612],[106549.2,0.004692],[106548.2,0.000768],[106548.1,0.050256],[106547.3,0.000768],[106547.0,7.1e-05],[106546.5,0.1327],[106545.9,0.050633],[106545.3,0.0006],[106545.1,0.093874]],"asks":[[106563.4,0.0002],[106565.9,0.0007],[106566.2,0.001146],[106567.0,0.003],[106568.3,0.0005],[106568.7,0.0124],[106571.1,0.0005],[106571.5,0.001146],[106573.1,0.076618],[106574.1,0.132771],[106574.6,0.001146],[106574.8,0.001145],[106578.6,0.001145],[106579.2,0.021366],[106580.1,0.001145],[106581.1,0.093842],[106581.6,0.062379],[106581.7,0.187608],[106583.0,0.021366],[106583.3,0.071027]]},"raw":{}}
{"exchange":"bybit","instance_id":"B","symbol":"BTC-USD","event_ts":1762205088.029,"seq":50536096,"depth":{"last_seq":50536096,"bids":[[106563.3,0.968023],[106558.5,0.322819],[106558.4,0.134018],[106557.8,0.093862],[106557.2,0.001064],[106556.0,0.000768],[106555.4,0.03],[106552.3,0.014006],[106552.2,0.04692],[106551.2,0.108827],[106551.1,0.093868],[106551.0,0.000768],[106550.2,0.036612],[106549.2,0.004692],[106548.2,0.000768],[106548.1,0.050256],[106547.3,0.000768],[106547.0,7.1e-05],[106546.5,0.1327],[106545.9,0.050633]],"asks":[[106563.4,0.087638],[106565.9,0.0007],[106566.2,0.001146],[106567.0,0.003],[106568.3,0.0005],[106568.7,0.0124],[106571.1,0.0005],[106571.5,0.001146],[106573.1,0.040316],[106574.1,0.132771],[106574.6,0.001146],[106574.8,0.001145],[106578.6,0.001145],[106579.2,0.021366],[106580.1,0.001145],[106581.1,0.093842],[106581.6,0.062379],[106581.7,0.187608],[106583.0,0.021366],[106583.3,0.071027]]},"raw":{}}
{"exchange":"bybit","instance_id":"B","symbol":"BTC-USD","event_ts":1762205088.049,"seq":50536097,"depth":{"last_seq":50536097,"bids":[[106563.3,0.968023],[106558.5,0.028335],[106558.4,0.1329],[106557.8,0.093862],[106556.0,0.000768],[106555.4,0.03],[106555.2,0.140772],[106555.1,0.050255],[106554.1,0.140774],[106552.3,0.014006],[106552.2,0.04692],[106551.4,0.004692],[106551.2,0.108827],[106551.1,0.093868],[106551.0,0.000768],[106550.2,0.036612],[106548.2,0.000768],[106547.3,0.000768],[106547.0,7.1e-05],[106546.5,0.1327]],"asks":[[106563.4,0.040498],[106565.9,0.0007],[106566.2,0.001146],[106567.0,0.003],[106568.3,0.0005],[106568.7,0.0124],[106571.1,0.0005],[106571.5,0.001146],[106573.1,0.040316],[106574.1,0.132771],[106574.6,0.001146],[106574.8,0.001145],[106578.6,0.001145],[106579.2,0.021366],[106580.1,0.001145],[106581.1,0.093842],[106581.6,0.062379],[106581.7,0.187608],[106583.0,0.021366],[106583.3,0.071027]]},"raw":{}}
{"exchange":"bybit","instance_id":"B","symbol":"BTC-USD","event_ts":1762205088.069,"seq":50536098,"depth":{"last_seq":50536098,"bids":[[106565.8,0.747046],[106563.4,0.055831],[106563.3,0.638704],[106558.5,0.028335],[106558.4,0.1329],[106557.8,0.093862],[106556.0,0.000768],[106555.4,0.03],[106555.3,0.114449],[106555.2,0.140772],[106555.1,0.050255],[106554.1,0.140774],[106552.2,0.04692],[106551.2,0.108827],[106551.1,0.093868],[106551.0,0.000768],[106550.2,0.036612],[106548.2,0.000768],[106547.3,0.000768],[106547.0,7.1e-05]],"asks":[[106565.9,0.0007],[106566.2,0.001146],[106567.0,0.003],[106568.3,0.0005],[106568.7,0.0124],[106571.1,0.0005],[106571.5,0.001146],[106573.1,0.040316],[106574.1,0.132771],[106574.6,0.001146],[106578.6,0.001145],[106579.2,0.021366],[106580.1,0.001145],[106581.1,0.093842],[106581.6,0.062379],[106583.0,0.021366],[106583.3,0.071027],[106584.6,0.001146],[106584.9,7.1e-05],[106585.5,0.001145]]},"raw":{}}
{"exchange":"bybit","instance_id":"B","symbol":"BTC-USD","event_ts":1762205088.09,"seq":50536099,"depth":{"last_seq":50536099,"bids":[[106571.4,0.610711],[106571.1,0.152119],[106571.0,0.579671],[106568.6,0.056284],[106566.9,0.208102],[106566.1,0.486846],[106565.9,0.35308],[106565.8,0.001048],[106565.7,0.046567],[106564.9,0.00253],[106563.3,0.08],[106558.5,0.028335],[106558.4,0.0002],[106557.8,0.093862],[106556.0,0.000768],[106555.4,0.03],[106555.3,0.114449],[106555.1,0.050255],[106552.2,0.04692],[106551.4,0.000768]],"asks":[[106571.5,0.001146],[106574.6,0.001146],[106578.6,0.001145],[106580.1,0.001145],[106584.6,0.001146],[106584.9,7.1e-05],[106585.5,0.001145],[106587.3,0.093837],[106587.4,0.095612],[106587.6,0.1327],[106589.0,0.040732],[106589.2,0.003],[106589.3,0.001706],[106589.5,7.1e-05],[106590.3,0.093834],[106593.6,0.001145],[106595.7,7.1e-05],[106595.9,0.124387],[106596.0,0.00328],[106596.2,0.004692]]},"raw":{}}
{"exchange":"bybit","instance_id":"B","symbol":"BTC-USD","event_ts":1762205088.109,"seq":50536100,"depth":{"last_seq":50536100,"bids":[[106571.4,0.783914],[106571.1,0.152119],[106571.0,0.010663],[106567.0,0.222097],[106566.9,0.1327],[106565.7,0.046567],[106564.9,0.00253],[106563.3,0.08],[106561.9,0.050255],[106558.5,0.028335],[106558.4,0.0002],[106557.8,0.14085],[106556.0,0.000768],[106555.4,0.03],[106555.3,0.029236],[106551.9,0.011262],[106551.4,0.000768],[106551.2,0.079268],[106551.1,0.093868],[106551.0,0.000768]],"asks":[[106571.5,0.088784],[106574.6,0.001146],[106578.6,0.001145],[106580.1,0.001145],[106583.6,0.009384],[106584.6,0.001146],[106584.9,7.1e-05],[106585.5,0.001145],[106587.2,0.067621],[106587.3,0.093837],[106587.6,0.1327],[106588.7,0.001145],[106589.0,0.028144],[106589.2,0.003],[106589.3,0.001706],[106589.5,7.1e-05],[106590.3,0.093834],[106593.3,0.004692],[106593.6,0.001145],[106595.7,7.1e-05]]},"raw":{}}
{"exchange":"bybit","instance_id":"B","symbol":"BTC-USD","event_ts":1762205088.129,"seq":50536101,"depth":{"last_seq":50536101,"bids":[[106571.4,0.943974],[106571.0,0.010663],[106567.0,0.069268],[106566.9,0.1327],[106565.7,0.046567],[106564.9,0.00253],[106563.3,0.08],[106561.9,0.050255],[106558.5,0.028335],[106558.4,0.0002],[106557.8,0.14085],[106556.0,0.000768],[106555.4,0.03],[106551.9,0.011262],[106551.4,0.000768],[106551.2,0.125135],[106551.1,0.093868],[106551.0,0.000768],[106550.2,0.036612],[106549.1,0.03259]],"asks":[[106571.5,0.088784],[106574.6,0.001146],[106578.6,0.001145],[106580.1,0.001145],[106584.6,0.001146],[106584.9,7.1e-05],[106585.5,0.001145],[106587.1,0.018767],[106587.2,0.067621],[106587.3,0.093837],[106587.6,0.1327],[106588.7,0.001145],[106589.0,0.028144],[106589.2,0.003],[106589.3,0.001706],[106589.5,7.1e-05],[106590.3,0.093834],[106593.5,0.004692],[106593.6,0.001145],[106595.7,7.1e-05]]},"raw":{}}
{"exchange":"bybit","instance_id":"B","symbol":"BTC-USD","event_ts":1762205088.149,"seq":50536102,"depth":{"last_seq":50536102,"bids":[[106571.4,0.943974],[106571.0,0.010663],[106567.0,0.069268],[106566.9,0.1327],[106565.7,0.046567],[106564.9,0.00253],[106563.3,0.08],[106563.1,0.140762],[106562.0,0.140763],[106561.9,0.050255],[106558.5,0.028335],[106558.4,0.0002],[106557.8,0.14085],[106556.0,0.000768],[106555.4,0.03],[106551.9,0.011262],[106551.4,0.000768],[106551.2,0.125135],[106551.1,0.093868],[106551.0,0.000768]],"asks":[[106571.5,0.088784],[106574.6,0.001146],[106578.6,0.001145],[106580.1,0.001145],[106581.4,0.009384],[106584.6,0.001146],[106584.9,7.1e-05],[106585.5,0.001145],[106587.1,0.018767],[106587.2,0.067621],[106587.3,0.093837],[106587.6,0.1327],[106588.7,0.001145],[106589.0,0.028144],[106589.2,0.003],[106589.3,0.001706],[106589.5,7.1e-05],[106590.3,0.093834],[106593.5,0.004692],[106593.6,0.001145]]},"raw":{}}
{"exchange":"bybit","instance_id":"B","symbol":"BTC-USD","event_ts":1762205088.169,"seq":50536103,"depth":{"last_seq":50536103,"bids":[[106571.4,0.916972],[106571.0,0.010663],[106567.0,0.144447],[106566.9,0.1327],[106565.7,0.046567],[106564.9,0.00253],[106563.3,0.08],[106563.1,0.140762],[106562.0,0.140763],[106561.9,0.050255],[106558.5,0.028335],[106558.4,0.0002],[106557.8,0.14085],[106556.0,0.000768],[106555.4,0.03],[106551.9,0.011262],[106551.4,0.000768],[106551.2,0.125135],[106551.1,0.093868],[106551.0,0.000768]],"asks":[[106571.5,0.088784],[106574.6,0.001146],[106580.1,0.001145],[106582.1,0.009384],[106584.6,0.001146],[106584.9,7.1e-05],[106585.5,0.001145],[106587.1,0.018767],[106587.2,0.067621],[106587.3,0.093837],[106587.6,0.1327],[106588.7,0.001145],[106589.0,0.028144],[106589.2,0.003],[106589.3,0.001706],[106589.4,0.004692],[106589.5,7.1e-05],[106590.3,0.093834],[106593.6,0.001145],[106594.0,0.021366]]},"raw":{}}
{"exchange":"bybit","instance_id":"B","symbol":"BTC-USD","event_ts":1762205088.19,"seq":50536104,"depth":{"last_seq":50536104,"bids":[[106571.4,0.925834],[106571.0,0.010663],[106567.0,0.144447],[106566.9,0.1327],[106565.7,0.046567],[106564.9,0.00253],[106564.0,0.046914],[106563.3,0.08],[106563.1,0.140762],[106562.0,0.140763],[106561.9,0.050255],[106558.5,0.028335],[106558.4,0.0002],[106557.8,0.093933],[106556.0,0.000768],[106555.4,0.03],[106554.1,0.000768],[106551.9,0.011262],[106551.4,0.000768],[106551.2,0.125135]],"asks":[[106571.5,0.088784],[106574.6,0.001146],[106575.4,0.001145],[106580.1,0.001145],[106581.9,0.009101],[106582.1,0.009384],[106584.6,0.001146],[106584.9,7.1e-05],[106585.5,0.001145],[106587.0,0.018767],[106587.1,0.018767],[106587.2,0.067621],[106587.3,0.093837],[106587.6,0.1327],[106589.0,0.028144],[106589.2,0.003],[106589.3,0.001706],[106589.5,7.1e-05],[106590.3,0.093834],[106591.4,0.001145]]},"raw":{}}
{"exchange":"bybit","instance_id":"B","symbol":"BTC-USD","event_ts":1762205088.21,"seq":50536105,"depth":{"last_seq":50536105,"bids":[[106571.4,0.925834],[106571.0,0.010663],[106567.0,0.144447],[106566.9,0.1327],[106565.7,0.046567],[106564.9,0.00253],[106564.0,0.046914],[106563.4,0.08],[106563.3,0.08],[106563.1,0.140762],[106562.0,0.140763],[106561.9,0.050255],[106558.5,0.028335],[106558.4,0.0002],[106557.8,0.093933],[106556.0,0.000768],[106555.4,0.03],[106554.1,0.000768],[106551.9,0.011262],[106551.4,0.000768]],"asks":[[106571.5,0.088784],[106574.6,0.001146],[106575.4,0.001145],[106580.1,0.001145],[106581.9,0.009101],[106582.1,0.009384],[106584.6,0.001146],[106584.9,7.1e-05],[106585.5,0.001145],[106587.0,0.018767],[106587.1,0.018767],[106587.2,0.067621],[106587.3,0.093837],[106587.6,0.1327],[106589.0,0.028144],[106589.2,0.003],[106589.3,0.001706],[106589.5,7.1e-05],[106590.2,0.021366],[106590.3,0.093834]]},"raw":{}}
{"exchange":"bybit","instance_id":"B","symbol":"BTC-USD","event_ts":1762205088.229,"seq":50536106,"depth":{"last_seq":50536106,"bids":[[106571.4,0.925834],[106571.0,0.010663],[106567.0,0.144447],[106566.9,0.1327],[106565.7,0.046567],[106564.9,0.00253],[106564.0,0.046914],[106563.4,0.08],[106563.3,0.08],[106563.1,0.140762],[106562.0,0.140763],[106561.9,0.050255],[106558.5,0.028335],[106558.4,0.0002],[106557.8,0.093933],[106556.0,0.000768],[106555.5,0.012775],[106555.4,0.03],[106554.1,0.000768],[106551.9,0.011262]],"asks":[[106571.5,0.088784],[106574.6,0.001146],[106575.4,0.001145],[106579.6,0.060851],[106580.1,0.001145],[106580.6,0.009384],[106581.9,0.009101],[106584.6,0.001146],[106584.9,7.1e-05],[106585.5,0.001145],[106587.0,0.018767],[106587.1,0.018767],[106587.2,0.067621],[106587.3,0.093837],[106587.6,0.1327],[106589.0,0.028144],[106589.2,0.003],[106589.3,0.001706],[106589.5,7.1e-05],[106590.2,0.021366]]},"raw":{}}
{"exchange":"bybit","instance_id":"B","symbol":"BTC-USD","event_ts":1762205088.25,"seq":50536107,"depth":{"last_seq":50536107,"bids":[[106571.4,0.926002],[106571.0,0.010663],[106567.0,0.144447],[106566.9,0.1327],[106565.7,0.046567],[106564.9,0.00253],[106564.0,0.046914],[106563.4,0.08],[106563.3,0.08],[106563.1,0.140762],[106562.0,0.140763],[106561.9,0.050255],[106558.5,0.028335],[106558.4,0.0002],[106557.8,0.093933],[106556.0,0.000768],[106555.5,0.012775],[106555.4,0.03],[106554.1,0.000768],[106551.9,0.011262]],"asks":[[106571.5,0.088784],[106574.6,0.001146],[106575.4,0.001145],[106579.5,0.024024],[106579.6,0.060851],[106580.1,0.001145],[106582.5,0.009384],[106584.6,0.001146],[106584.9,7.1e-05],[106585.5,0.001145],[106587.0,0.040133],[106587.1,0.018767],[106587.2,0.067621],[106587.3,0.093837],[106587.6,0.1327],[106589.0,0.028144],[106589.2,0.003],[106589.3,0.001706],[106589.5,7.1e-05],[106590.2,0.021366]]},"raw":{}}
{"exchange":"bybit","instance_id":"B","symbol":"BTC-USD","event_ts":1762205088.27,"seq":50536108,"depth":{"last_seq":50536108,"bids":[[106571.4,0.926002],[106571.0,0.010663],[106567.0,0.144447],[106566.9,0.1327],[106565.7,0.046567],[106564.9,0.00253],[106564.0,0.046914],[106563.4,0.08],[106563.3,0.08],[106563.1,0.140762],[106562.0,0.140763],[106561.9,0.050255],[106561.1,0.000768],[106558.5,0.028335],[106558.4,0.0002],[106557.8,0.093933],[106556.0,0.000768],[106555.5,0.012775],[106555.4,0.03],[106554.1,0.000768]],"asks":[[106571.5,0.088784],[106574.6,0.001146],[106575.4,0.001145],[106579.5,0.024024],[106579.6,0.060851],[106580.1,0.001145],[106584.6,0.001146],[106584.9,7.1e-05],[106585.5,0.001145],[106587.0,0.040133],[106587.1,0.018767],[106587.2,0.067621],[106587.3,0.093837],[106587.6,0.1327],[106589.0,0.028144],[106589.2,0.003],[106589.3,0.001706],[106589.5,7.1e-05],[106590.2,0.021366],[106590.3,0.093834]]},"raw":{}}
{"exchange":"bybit","instance_id":"B","symbol":"BTC-USD","event_ts":1762205088.289,"seq":50536109,"depth":{"last_seq":50536109,"bids":[[106571.4,0.926002],[106571.0,0.010663],[106567.0,0.144447],[106566.9,0.1327],[106565.7,0.046567],[106564.9,0.00253],[106564.0,0.046914],[106563.4,0.08],[106563.3,0.08],[106563.1,0.140762],[106562.0,0.140763],[106561.9,0.050255],[106561.1,0.000768],[106558.5,0.028335],[106558.4,0.0002],[106557.8,0.093933],[106556.0,0.000768],[106555.5,0.012775],[106555.4,0.03],[106554.1,0.000768]],"asks":[[106571.5,0.088784],[106575.4,0.001145],[106578.0,0.001145],[106579.5,0.024024],[106579.6,0.060851],[106580.1,0.001145],[106584.6,0.001146],[106584.9,7.1e-05],[106585.5,0.001145],[106587.0,0.040133],[106587.1,0.018767],[106587.2,0.067621],[106587.3,0.093837],[106587.6,0.1327],[106589.0,0.028144],[106589.2,0.003],[106589.3,0.001706],[106589.5,7.1e-05],[106590.2,0.021366],[106590.3,0.093834]]},"raw":{}}
{"exchange":"bybit","instance_id":"B","symbol":"BTC-USD","event_ts":1762205088.309,"seq":50536110,"depth":{"last_seq":50536110,"bids":[[106571.4,0.9273],[106571.0,0.009385],[106570.1,0.04679],[106567.0,0.144447],[106566.9,0.1327],[106565.7,0.046567],[106564.9,0.00253],[106564.0,0.046914],[106563.4,0.08],[106563.3,0.08],[106561.9,0.050255],[106561.1,0.000768],[106558.6,0.000768],[106558.5,0.028335],[106558.4,0.0002],[106558.0,0.071027],[106557.8,0.093933],[106556.0,0.000768],[106555.8,0.004691],[106555.5,0.012775]],"asks":[[106571.5,0.000938],[106575.4,0.001145],[106578.0,0.001145],[106579.5,0.024024],[106579.6,0.060851],[106580.1,0.001145],[106584.6,0.001146],[106584.9,7.1e-05],[106585.5,0.001145],[106587.0,0.018767],[106587.1,0.018767],[106587.2,0.067621],[106587.3,0.093837],[106587.6,0.1327],[106589.0,0.028144],[106589.2,0.003],[106589.3,0.001706],[106589.5,7.1e-05],[106590.2,0.021366],[106590.3,0.093834]]},"raw":{}}
{"exchange":"bybit","instance_id":"B","symbol":"BTC-USD","event_ts":1762205088.329,"seq":50536111,"depth":{"last_seq":50536111,"bids":[[106571.4,0.9273],[106571.0,0.009385],[106570.2,0.013967],[106570.1,0.04679],[106567.0,0.098296],[106566.9,0.1327],[106564.9,0.00253],[106564.0,0.046914],[106563.8,0.000768],[106563.4,0.08],[106563.3,0.08],[106561.9,0.050255],[106561.1,0.000768],[106558.6,0.000768],[106558.5,0.045618],[106558.4,0.0002],[106558.0,0.071027],[106557.8,0.093933],[106555.5,0.012775],[106555.4,0.03]],"asks":[[106571.5,0.000938],[106575.4,0.001145],[106578.0,0.001145],[106579.5,0.024024],[106579.6,0.060851],[106580.1,0.001145],[106584.6,0.001146],[106584.9,7.1e-05],[106585.5,0.001145],[106587.2,0.067621],[106587.3,0.093837],[106587.6,0.1327],[106589.0,0.028144],[106589.2,0.003],[106589.3,0.001706],[106589.5,7.1e-05],[106590.2,0.021366],[106590.3,0.093834],[106591.4,0.001145],[106593.6,0.001145]]},"raw":{}}
{"exchange":"bybit","instance_id":"B","symbol":"BTC-USD","event_ts":1762205088.349,"seq":50536112,"depth":{"last_seq":50536112,"bids":[[106577.9,0.715377],[106575.3,0.074009],[106571.4,0.055798],[106570.1,0.04679],[106569.6,0.093852],[106567.0,0.098296],[106566.9,0.1327],[106564.9,0.00253],[106564.0,0.046914],[106563.9,0.000768],[106563.8,0.000768],[106563.4,0.08],[106563.3,0.03],[106561.9,0.050255],[106561.1,0.000768],[106560.6,0.004691],[106558.6,0.000768],[106558.5,0.045618],[106558.4,0.0002],[106558.0,0.071027]],"asks":[[106578.0,0.261745],[106579.5,0.024024],[106579.6,0.060851],[106579.9,0.001145],[106584.3,0.009383],[106584.6,0.001146],[106584.9,7.1e-05],[106585.5,0.001145],[106587.2,0.067621],[106587.3,0.093837],[106587.6,0.1327],[106589.0,0.028144],[106589.2,0.003],[106589.3,0.001706],[106589.5,7.1e-05],[106590.2,0.021366],[106590.3,0.093834],[106591.4,0.001145],[106593.6,0.001145],[106594.0,0.021366]]},"raw":{}}
{"exchange":"bybit","instance_id":"B","symbol":"BTC-USD","event_ts":1762205088.369,"seq":50536113,"depth":{"last_seq":50536113,"bids":[[106577.9,0.679823],[106575.4,0.022092],[106575.3,0.074009],[106571.4,0.078868],[106570.1,0.04679],[106569.6,0.093852],[106567.6,0.140756],[106567.0,0.098296],[106566.9,0.1327],[106564.9,0.00253],[106564.0,0.046914],[106563.9,0.000768],[106563.8,0.000768],[106563.4,0.08],[106563.3,0.03],[106561.9,0.050255],[106561.1,0.000768],[106560.6,0.004691],[106558.6,0.000768],[106558.5,0.045618]],"asks":[[106578.0,0.261745],[106579.5,0.024024],[106579.6,0.060851],[106579.9,0.001145],[106584.6,0.001146],[106584.9,7.1e-05],[106585.5,0.001145],[106587.2,0.067621],[106587.6,0.1327],[106589.0,0.028144],[106589.2,0.003],[106589.3,0.001706],[106589.5,7.1e-05],[106590.2,0.021366],[106590.3,0.093834],[106591.4,0.001145],[106593.6,0.001145],[106594.0,0.021366],[106595.7,7.1e-05],[106595.9,0.146018]]},"raw":{}}
{"exchange":"bybit","instance_id":"B","symbol":"BTC-USD","event_ts":1762205088.39,"seq":50536114,"depth":{"last_seq":50536114,"bids":[[106577.9,0.679823],[106575.4,0.022092],[106575.3,0.074009],[106571.4,0.117934],[106570.1,0.04679],[106569.6,0.093852],[106567.6,0.140756],[106567.0,0.098296],[106566.9,0.1327],[106564.9,0.00253],[106564.0,0.046914],[106563.9,0.000768],[106563.8,0.000768],[106563.4,0.08],[106563.3,0.03],[106561.9,0.050255],[106561.1,0.000768],[106558.6,0.000768],[106558.5,0.045618],[106558.4,0.0002]],"asks":[[106578.0,0.261745],[106579.5,0.024024],[106579.6,0.060851],[106579.9,0.001145],[106584.6,0.001146],[106584.9,7.1e-05],[106585.4,0.0129],[106585.5,0.001145],[106586.1,0.023455],[106586.7,0.009383],[106587.1,0.0129],[106587.2,0.039611],[106587.6,0.1327],[106589.0,0.028144],[106589.2,0.003],[106589.3,0.001706],[106589.5,7.1e-05],[106590.2,0.021366],[106590.3,0.093834],[106591.4,0.001145]]},"raw":{}}
{"exchange":"bybit","instance_id":"B","symbol":"BTC-USD","event_ts":1762205088.409,"seq":50536115,"depth":{"last_seq":50536115,"bids":[[106577.9,0.679823],[106575.4,0.022092],[106575.3,0.074009],[106571.4,0.117934],[106570.1,0.04679],[106569.6,0.093852],[106567.6,0.140756],[106567.0,0.098296],[106566.9,0.1327],[106564.9,0.00253],[106564.0,0.046914],[106563.9,0.000768],[106563.8,0.000768],[106563.3,0.03],[106561.9,0.050255],[106561.1,0.000768],[106558.6,0.000768],[106558.5,0.045618],[106558.4,0.0002],[106558.0,0.071027]],"asks":[[106578.0,0.394445],[106579.5,0.024024],[106579.9,0.001145],[106584.6,0.001146],[106584.9,7.1e-05],[106585.4,0.0129],[106585.5,0.001145],[106586.1,0.023455],[106586.7,0.009383],[106587.1,0.0129],[106587.2,0.039611],[106589.0,0.028144],[106589.2,0.003],[106589.3,0.001706],[106589.5,7.1e-05],[106590.2,0.021366],[106590.3,0.093834],[106591.4,0.001145],[106593.6,0.001145],[106594.0,0.021366]]},"raw":{}}
