{"exchange":"binance","instance_id":"A","symbol":"BTC-USD","event_ts":1762205084.314,"seq":79648479689,"depth":{"last_seq":79648479689,"bids":[[106555.26,1.54212],[106552.4,0.01928],[106551.76,0.06362],[106551.5,0.02356],[95899.0,0.0001]],"asks":[[106555.27,3.76428],[106563.6,0.12547],[106578.33,0.00754]]},"raw":{}}
{"exchange":"binance","instance_id":"A","symbol":"BTC-USD","event_ts":1762205084.414,"seq":79648479724,"depth":{"last_seq":79648479724,"bids":[[106555.26,1.63061],[106552.4,0.01928],[106551.76,0.06362],[106551.5,0.02356],[106536.41,0.33797],[106457.27,0.01469],[95899.73,0.00012],[95899.0,0.0001]],"asks":[[106555.27,2.88937],[106555.28,0.0001],[106555.35,0.00083],[106559.1,5e-05],[106561.0,5e-05],[106566.38,0.00469],[106578.33,0.00754],[106600.19,0.33777]]},"raw":{}}
{"exchange":"binance","instance_id":"A","symbol":"BTC-USD","event_ts":1762205084.514,"seq":79648479782,"depth":{"last_seq":79648479782,"bids":[[106555.26,1.70126],[106554.03,0.12866],[106552.4,0.01928],[106551.76,0.06362],[106551.5,0.02356],[106536.41,0.33797],[106457.27,0.01469],[95899.73,0.00024],[95899.0,0.0001],[85244.21,0.00023]],"asks":[[106555.27,2.68977],[106555.28,0.00017],[106555.33,0.0001],[106555.34,0.03281],[106555.35,0.00073],[106556.51,0.0001],[106558.86,0.01062],[106559.35,0.07114],[106561.36,0.0001],[106561.37,0.17724],[106561.38,0.56245],[106563.39,0.00705],[106565.34,0.56245],[106567.99,0.00469],[106569.46,0.00048],[106570.32,0.30971],[106578.33,0.00754],[106600.19,0.33777],[106605.82,0.33775]]},"raw":{}}
{"exchange":"binance","instance_id":"A","symbol":"BTC-USD","event_ts":1762205084.614,"seq":79648479809,"depth":{"last_seq":79648479809,"bids":[[106555.26,2.01674],[106555.25,0.00469],[106554.04,0.0001],[106554.03,0.12881],[106554.02,0.3099],[106552.4,0.01923],[106551.76,0.06362],[106551.5,0.02351],[106542.32,0.10432],[106536.41,0.33797],[106457.27,0.01469],[105289.08,0.00023],[95899.73,0.00024],[95899.0,0.0002]],"asks":[[106555.27,2.68929],[106555.28,0.00017],[106555.33,0.0001],[106555.34,0.03281],[106555.35,0.00073],[106556.51,0.0001],[106558.85,0.0001],[106558.86,0.01062],[106559.35,0.07114],[106561.36,0.0001],[106561.37,0.17719],[106561.38,0.56245],[106563.39,0.00705],[106565.34,0.56245],[106567.99,0.00469],[106569.46,0.00048],[106569.52,0.00048],[106570.32,0.30971],[106578.33,0.00754],[106600.19,0.33777]]},"raw":{}}
{"exchange":"binance","instance_id":"A","symbol":"BTC-USD","event_ts":1762205084.714,"seq":79648479827,"depth":{"last_seq":79648479827,"bids":[[106555.26,2.39114],[106555.25,0.00469],[106554.04,0.0001],[106554.03,0.12881],[106554.02,0.3099],[106552.4,0.01923],[106551.76,0.06362],[106551.5,0.02351],[106542.32,0.10432],[106536.78,0.31678],[106536.41,0.33797],[106499.01,0.21044],[106457.27,0.01469],[105367.0,0.00093],[105289.08,0.00023],[95899.73,0.00024],[95899.0,0.0001]],"asks":[[106555.27,3.36691],[106555.28,0.00017],[106555.33,0.0001],[106555.34,0.03281],[106555.35,0.00073],[106556.51,0.0001],[106558.85,0.0001],[106558.86,0.01062],[106559.35,0.07114],[106561.36,0.0001],[106561.37,0.17719],[106561.38,0.56245],[106563.21,0.01847],[106563.39,0.00705],[106565.34,0.56245],[106567.99,0.00469],[106568.2,0.30971],[106568.89,0.01395],[106569.46,0.00048],[106569.52,0.00048]]},"raw":{}}
{"exchange":"binance","instance_id":"A","symbol":"BTC-USD","event_ts":1762205084.814,"seq":79648479855,"depth":{"last_seq":79648479855,"bids":[[106555.26,1.67303],[106555.25,0.00469],[106554.04,0.0001],[106554.03,0.12881],[106554.02,0.3099],[106552.4,0.01923],[106551.76,0.06362],[106551.5,0.02351],[106542.32,0.10432],[106536.78,0.31678],[106519.66,0.33802],[106499.01,0.21044],[106457.27,0.01469],[106316.8,4.68691],[105367.0,0.00093],[105289.08,0.00023],[95899.73,0.00024],[95899.0,0.0001]],"asks":[[106555.27,3.57136],[106555.28,0.00012],[106555.33,0.0001],[106555.34,0.03281],[106555.35,0.00073],[106556.51,0.0001],[106558.85,0.0001],[106558.86,0.01062],[106559.35,0.07114],[106561.0,0.061],[106561.36,0.0001],[106561.37,0.17719],[106561.38,0.56245],[106563.03,0.30973],[106563.21,0.01852],[106563.39,0.00705],[106565.33,0.00469],[106565.34,0.5624],[106568.89,0.01395],[106569.46,0.00048]]},"raw":{}}
{"exchange":"binance","instance_id":"A","symbol":"BTC-USD","event_ts":1762205084.914,"seq":79648479873,"depth":{"last_seq":79648479873,"bids":[[106555.26,1.67303],[106555.25,0.00469],[106554.04,0.0001],[106554.03,0.12881],[106554.02,0.3099],[106552.4,0.01923],[106551.76,0.06362],[106551.5,0.02351],[106542.32,0.10432],[106536.78,0.31678],[106519.66,0.33802],[106499.01,0.21044],[106457.27,0.01469],[106316.8,4.68691],[105367.0,0.00093],[105289.08,0.00023],[95899.73,0.00024],[95899.0,0.0001]],"asks":[[106555.27,3.57183],[106555.28,0.00012],[106555.33,0.0001],[106555.34,0.03281],[106555.35,0.00073],[106556.51,0.0001],[106558.85,0.0001],[106558.86,0.01062],[106559.35,0.07114],[106560.99,5e-05],[106561.0,0.06105],[106561.36,5e-05],[106561.37,0.24684],[106561.38,0.56245],[106563.03,0.30978],[106563.21,0.01847],[106563.39,0.007],[106564.89,1.31354],[106565.33,0.00469],[106565.34,0.5624]]},"raw":{}}
{"exchange":"binance","instance_id":"A","symbol":"BTC-USD","event_ts":1762205085.014,"seq":79648479882,"depth":{"last_seq":79648479882,"bids":[[106555.26,1.67303],[106555.25,0.00469],[106554.04,0.0001],[106554.03,0.12881],[106554.02,0.3099],[106552.4,0.01923],[106551.76,0.06362],[106551.5,0.02351],[106542.32,0.10432],[106536.78,0.31678],[106519.66,0.33802],[106499.01,0.21044],[106316.8,4.68691],[105367.0,0.00093],[105289.08,0.00023],[95899.73,0.00024],[95899.0,0.0001],[85244.21,0.00023]],"asks":[[106555.27,3.57132],[106555.28,0.00012],[106555.33,0.0001],[106555.34,0.03281],[106555.35,0.00073],[106556.51,0.0001],[106558.85,0.0001],[106558.86,0.01062],[106559.35,0.07114],[106560.99,5e-05],[106561.0,0.06105],[106561.36,5e-05],[106561.37,0.63001],[106561.38,0.56245],[106563.03,0.30978],[106563.21,0.01847],[106563.39,0.007],[106564.89,1.31354],[106565.33,0.00469],[106565.34,0.5624]]},"raw":{}}
{"exchange":"binance","instance_id":"A","symbol":"BTC-USD","event_ts":1762205085.114,"seq":79648479900,"depth":{"last_seq":79648479900,"bids":[[106555.26,1.67337],[106555.25,0.00469],[106554.04,0.0001],[106554.03,0.12881],[106554.02,0.3099],[106552.4,0.01923],[106551.76,0.06362],[106551.5,0.02351],[106542.32,0.10432],[106538.7,0.33796],[106536.78,0.31678],[106499.01,0.21044],[106443.17,0.01469],[106316.8,4.68691],[105367.0,0.00093],[105289.08,0.00023],[98030.84,0.0001],[95899.73,0.00024],[95899.0,0.0001],[85244.21,0.00023]],"asks":[[106555.27,3.46672],[106555.28,0.00012],[106555.33,0.0001],[106555.34,0.03281],[106555.35,0.00073],[106556.51,0.0001],[106558.85,0.0001],[106558.86,0.01062],[106559.35,0.07114],[106560.99,5e-05],[106561.0,0.06105],[106561.36,5e-05],[106561.37,0.63001],[106561.38,0.56245],[106563.03,5e-05],[106563.21,0.01847],[106563.39,0.007],[106564.89,1.31354],[106565.34,0.5624],[106565.5,0.30972]]},"raw":{}}
{"exchange":"binance","instance_id":"A","symbol":"BTC-USD","event_ts":1762205085.214,"seq":79648479926,"depth":{"last_seq":79648479926,"bids":[[106555.26,1.67337],[106555.25,0.00469],[106554.04,0.0001],[106554.03,0.12881],[106554.02,0.3099],[106552.4,0.01923],[106551.76,0.06362],[106551.5,5e-05],[106542.32,0.24338],[106538.7,0.33796],[106536.78,0.31678],[106499.01,0.21044],[106483.12,0.04692],[106443.17,0.01469],[106316.8,4.68691],[105367.0,0.00093],[105289.08,0.00023],[98030.84,0.0001],[95899.73,0.00024],[95899.0,0.0001]],"asks":[[106555.27,2.6911],[106555.28,0.00012],[106555.33,0.0001],[106555.34,0.03281],[106555.35,0.00073],[106556.51,0.0001],[106558.85,0.0001],[106558.86,0.01062],[106559.35,0.07114],[106560.99,5e-05],[106561.0,5e-05],[106561.36,5e-05],[106561.37,0.63001],[106561.38,0.56245],[106563.21,0.01852],[106563.39,0.007],[106564.89,1.31354],[106565.34,0.5624],[106567.42,0.00469],[106568.89,0.01395]]},"raw":{}}
{"exchange":"binance","instance_id":"A","symbol":"BTC-USD","event_ts":1762205085.314,"seq":79648479953,"depth":{"last_seq":79648479953,"bids":[[106555.26,1.67332],[106555.25,0.00464],[106554.04,0.0001],[106554.03,0.12886],[106554.02,0.3099],[106552.4,0.01923],[106551.76,0.06357],[106545.3,5e-05],[106542.32,0.24338],[106538.7,0.33796],[106536.78,0.31678],[106518.16,0.02346],[106499.01,0.21044],[106483.12,0.04692],[106443.17,0.01469],[106316.8,4.68691],[105367.0,0.00093],[105289.08,0.00023],[98030.84,0.0001],[95899.73,0.00024]],"asks":[[106555.27,2.6911],[106555.28,0.00012],[106555.33,0.0001],[106555.34,0.03281],[106555.35,0.00073],[106556.51,0.0001],[106558.85,0.0001],[106558.86,0.01062],[106559.35,0.07114],[106561.36,5e-05],[106561.37,0.63001],[106561.38,0.56245],[106563.21,0.01852],[106563.39,0.00705],[106564.89,1.31354],[106565.34,0.5624],[106567.42,0.00469],[106568.89,0.01395],[106568.91,5e-05],[106569.31,0.00048]]},"raw":{}}
{"exchange":"binance","instance_id":"A","symbol":"BTC-USD","event_ts":1762205085.414,"seq":79648479962,"depth":{"last_seq":79648479962,"bids":[[106555.26,1.67322],[106555.25,0.00464],[106554.04,0.0001],[106554.03,0.12886],[106554.02,0.3099],[106552.4,0.01923],[106551.76,0.06357],[106545.3,5e-05],[106542.32,0.24338],[106539.28,0.00474],[106538.7,0.33796],[106536.78,0.31678],[106518.16,0.02346],[106499.01,0.21044],[106483.12,0.04692],[106443.17,0.01469],[106316.8,4.68691],[105367.0,0.00093],[105289.08,0.00023],[98030.84,0.0001]],"asks":[[106555.27,3.4663],[106555.28,0.00012],[106555.33,0.0001],[106555.34,0.03281],[106555.35,0.00073],[106556.51,0.0001],[106558.85,0.0001],[106558.86,0.01062],[106559.35,0.07114],[106561.36,5e-05],[106561.37,0.63001],[106561.38,0.56245],[106563.21,0.01852],[106563.39,0.00705],[106564.89,1.31354],[106565.34,0.5624],[106566.62,0.30972],[106567.42,0.00469],[106568.89,0.01395],[106568.91,5e-05]]},"raw":{}}
{"exchange":"binance","instance_id":"A","symbol":"BTC-USD","event_ts":1762205085.514,"seq":79648479980,"depth":{"last_seq":79648479980,"bids":[[106555.26,1.67303],[106555.25,0.00464],[106554.04,0.0001],[106554.03,0.12886],[106554.02,0.3099],[106552.4,0.01923],[106551.76,0.06357],[106545.3,5e-05],[106542.32,0.24343],[106539.28,0.00474],[106538.7,0.33796],[106536.78,0.31678],[106518.16,0.02346],[106499.01,0.21044],[106483.12,0.04692],[106443.17,0.01469],[106316.8,4.68691],[106254.96,0.03698],[105367.0,0.00093],[105289.08,0.00023]],"asks":[[106555.27,3.46499],[106555.28,0.00012],[106555.33,0.0001],[106555.34,0.03281],[106555.35,0.00073],[106556.51,0.0001],[106558.85,0.0001],[106558.86,0.01062],[106559.35,0.07114],[106561.0,0.061],[106561.36,5e-05],[106561.37,0.63001],[106561.38,0.56245],[106563.21,0.01852],[106563.39,0.00705],[106564.89,1.31354],[106565.34,0.5624],[106566.62,0.30972],[106567.42,0.00469],[106568.89,0.01395]]},"raw":{}}
{"exchange":"binance","instance_id":"A","symbol":"BTC-USD","event_ts":1762205085.614,"seq":79648479998,"depth":{"last_seq":79648479998,"bids":[[106555.26,1.7528],[106555.25,0.00464],[106554.04,0.0001],[106554.03,0.12886],[106554.02,0.3099],[106552.4,0.01923],[106551.76,0.06357],[106545.3,5e-05],[106542.32,0.24343],[106539.28,0.00474],[106538.7,0.33796],[106536.78,0.31678],[106518.16,0.02346],[106515.07,0.94746],[106499.01,0.21044],[106483.12,0.04692],[106443.17,0.01469],[106316.8,4.68691],[106254.96,0.03698],[105367.0,0.00093]],"asks":[[106555.27,3.34184],[106555.28,0.00012],[106555.33,0.0001],[106555.34,0.03281],[106555.35,0.00073],[106556.51,0.0001],[106558.85,0.0001],[106558.86,0.01062],[106559.35,0.07114],[106560.99,5e-05],[106561.0,0.06105],[106561.36,5e-05],[106561.37,0.63001],[106561.38,0.56245],[106563.21,0.01852],[106563.39,0.007],[106564.89,1.31354],[106565.34,0.5624],[106566.62,0.30972],[106567.42,0.00469]]},"raw":{}}
{"exchange":"binance","instance_id":"A","symbol":"BTC-USD","event_ts":1762205085.714,"seq":79648480003,"depth":{"last_seq":79648480003,"bids":[[106555.26,2.4416],[106555.25,0.00464],[106554.04,0.0001],[106554.03,0.12886],[106554.02,0.3099],[106552.4,0.01923],[106551.76,0.06357],[106545.3,5e-05],[106542.32,0.24343],[106539.28,0.00474],[106538.7,0.33796],[106536.78,0.31678],[106518.16,0.02346],[106515.07,0.94746],[106499.01,0.21044],[106483.12,0.04692],[106443.17,0.01469],[106316.8,4.68691],[106254.96,0.03698],[105367.0,0.00093]],"asks":[[106555.27,3.34184],[106555.28,0.00012],[106555.33,0.0001],[106555.34,0.03281],[106555.35,0.00073],[106556.51,0.0001],[106558.85,0.0001],[106558.86,0.01062],[106559.35,0.07114],[106560.99,5e-05],[106561.0,0.06105],[106561.36,5e-05],[106561.37,0.63001],[106561.38,0.56245],[106563.21,0.01852],[106563.39,0.007],[106564.89,1.31354],[106565.34,0.5624],[106566.62,0.30972],[106567.42,0.00469]]},"raw":{}}
{"exchange":"binance","instance_id":"A","symbol":"BTC-USD","event_ts":1762205085.814,"seq":79648480007,"depth":{"last_seq":79648480007,"bids":[[106555.26,2.4416],[106555.25,0.00464],[106554.04,0.0001],[106554.03,0.12886],[106554.02,0.3099],[106552.4,0.01923],[106551.76,0.06357],[106545.3,5e-05],[106542.32,0.24343],[106539.28,0.00474],[106538.7,0.33796],[106536.78,0.31678],[106515.07,0.94746],[106499.01,0.21044],[106483.12,0.04692],[106443.17,0.01469],[106316.8,4.68691],[106254.96,0.03698],[105367.0,0.00093],[105289.08,0.00023]],"asks":[[106555.27,3.34184],[106555.28,0.00012],[106555.33,0.0001],[106555.34,0.03281],[106555.35,0.00073],[106556.51,0.0001],[106558.85,0.0001],[106558.86,0.01062],[106559.35,0.07114],[106560.0,5e-05],[106560.99,5e-05],[106561.0,0.06105],[106561.36,5e-05],[106561.37,0.63001],[106561.38,0.56245],[106563.21,0.01852],[106563.39,0.007],[106564.89,1.31354],[106565.34,0.5624],[106566.62,0.30972]]},"raw":{}}
{"exchange":"binance","instance_id":"A","symbol":"BTC-USD","event_ts":1762205085.914,"seq":79648480009,"depth":{"last_seq":79648480009,"bids":[[106555.26,2.4416],[106555.25,0.00464],[106554.04,0.0001],[106554.03,0.12886],[106554.02,0.3099],[106552.4,0.01923],[106551.76,0.06357],[106545.3,5e-05],[106542.32,0.24343],[106539.28,0.00474],[106538.7,0.33796],[106536.78,0.31678],[106515.07,0.94746],[106499.01,0.21044],[106483.12,0.04692],[106443.17,0.01469],[106316.8,4.68691],[106254.96,0.03698],[105367.0,0.00093],[105289.08,0.00023]],"asks":[[106555.27,3.34184],[106555.28,0.00012],[106555.33,0.0001],[106555.34,0.03281],[106555.35,0.00073],[106556.51,0.0001],[106558.85,0.0001],[106558.86,0.01062],[106559.35,0.07114],[106560.0,5e-05],[106560.99,5e-05],[106561.0,0.06105],[106561.36,5e-05],[106561.37,0.63001],[106561.38,0.56245],[106563.21,0.01852],[106563.39,0.007],[106564.89,1.31354],[106565.34,0.5624],[106566.62,0.30972]]},"raw":{}}
{"exchange":"binance","instance_id":"A","symbol":"BTC-USD","event_ts":1762205086.014,"seq":79648480016,"depth":{"last_seq":79648480016,"bids":[[106555.26,2.44151],[106555.25,0.00464],[106554.04,0.0001],[106554.03,0.12886],[106554.02,0.3099],[106552.4,0.01923],[106551.76,0.06357],[106545.3,5e-05],[106542.32,0.24343],[106539.28,0.00474],[106538.7,0.33796],[106536.78,0.31678],[106515.07,0.94746],[106499.01,0.21044],[106483.12,0.04692],[106443.17,0.01469],[106316.8,4.68691],[106254.96,0.03698],[105702.88,0.00037],[105367.0,0.00093]],"asks":[[106555.27,3.34177],[106555.28,0.00012],[106555.33,0.0001],[106555.34,0.03281],[106555.35,0.00073],[106556.51,0.0001],[106558.85,0.0001],[106558.86,0.01062],[106559.35,0.07114],[106560.0,5e-05],[106560.99,5e-05],[106561.0,0.06105],[106561.36,5e-05],[106561.37,0.63001],[106561.38,0.56245],[106563.21,0.01852],[106563.39,0.007],[106564.89,1.31354],[106565.34,0.5624],[106566.62,0.30972]]},"raw":{}}
{"exchange":"binance","instance_id":"A","symbol":"BTC-USD","event_ts":1762205086.114,"seq":79648480026,"depth":{"last_seq":79648480026,"bids":[[106555.26,2.44136],[106555.25,0.00464],[106554.04,0.0001],[106554.03,0.12886],[106554.02,0.3099],[106552.4,0.01923],[106551.76,0.06357],[106545.3,5e-05],[106542.32,0.24343],[106539.28,0.00474],[106538.7,0.33796],[106536.78,0.31678],[106515.07,0.94746],[106499.01,0.21044],[106483.12,0.04692],[106443.17,0.01469],[106316.8,4.68691],[106254.96,0.03698],[105702.88,0.00037],[105367.0,0.00093]],"asks":[[106555.27,3.34167],[106555.28,0.00012],[106555.33,0.0001],[106555.34,0.03281],[106555.35,0.00073],[106556.51,0.0001],[106558.85,0.0001],[106558.86,0.01062],[106559.35,0.07114],[106560.0,5e-05],[106560.99,5e-05],[106561.0,0.06105],[106561.36,5e-05],[106561.37,0.63001],[106561.38,0.56245],[106563.21,0.01852],[106563.39,0.007],[106564.89,1.31354],[106565.34,0.5624],[106566.62,0.30972]]},"raw":{}}
{"exchange":"binance","instance_id":"A","symbol":"BTC-USD","event_ts":1762205086.214,"seq":79648480035,"depth":{"last_seq":79648480035,"bids":[[106555.26,2.44118],[106555.25,0.00464],[106554.04,0.0001],[106554.03,0.12886],[106554.02,0.3099],[106552.4,0.01923],[106551.76,0.06357],[106545.3,5e-05],[106542.32,0.24343],[106539.28,0.00474],[106538.7,0.33796],[106536.78,0.31678],[106515.07,0.94746],[106499.01,0.21044],[106483.12,0.04692],[106443.17,0.01469],[106316.8,4.68691],[106254.96,0.03698],[105702.88,0.00037],[105367.0,0.00093]],"asks":[[106555.27,3.34167],[106555.28,0.00012],[106555.33,0.0001],[106555.34,0.03281],[106555.35,0.00073],[106556.51,0.0001],[106558.85,0.0001],[106558.86,0.01062],[106559.35,0.07114],[106560.0,5e-05],[106560.99,5e-05],[106561.0,0.06105],[106561.36,5e-05],[106561.37,0.63001],[106561.38,0.56245],[106563.21,0.01852],[106563.39,0.007],[106564.35,0.30972],[106564.89,1.31354],[106565.34,0.5624]]},"raw":{}}
{"exchange":"binance","instance_id":"A","symbol":"BTC-USD","event_ts":1762205086.314,"seq":79648480042,"depth":{"last_seq":79648480042,"bids":[[106555.26,2.46862],[106555.25,0.00464],[106554.04,0.0001],[106554.03,0.12886],[106554.02,0.3099],[106552.4,0.01923],[106551.76,0.06357],[106545.3,5e-05],[106542.32,0.24343],[106539.28,0.00474],[106538.7,0.33796],[106536.78,0.31678],[106515.07,0.94746],[106499.01,0.21044],[106483.12,0.04692],[106443.17,0.01469],[106316.8,4.68691],[106254.96,0.03698],[105702.88,0.00037],[105367.0,0.00093]],"asks":[[106555.27,3.34167],[106555.28,0.00012],[106555.33,0.0001],[106555.34,0.03281],[106555.35,0.00073],[106556.51,0.0001],[106558.85,0.0001],[106558.86,0.01062],[106559.35,0.07114],[106560.0,5e-05],[106560.99,5e-05],[106561.0,0.06105],[106561.36,5e-05],[106561.37,0.63001],[106561.38,0.56245],[106563.21,0.01852],[106563.39,0.007],[106564.35,0.30972],[106564.89,1.31354],[106565.34,0.5624]]},"raw":{}}
{"exchange":"binance","instance_id":"A","symbol":"BTC-USD","event_ts":1762205086.414,"seq":79648480044,"depth":{"last_seq":79648480044,"bids":[[106555.26,2.46862],[106555.25,0.00464],[106554.04,0.0001],[106554.03,0.12886],[106554.02,0.3099],[106552.4,0.01923],[106551.76,0.06357],[106545.3,5e-05],[106542.32,0.24343],[106539.28,0.00474],[106538.7,0.33796],[106536.78,0.31678],[106515.07,0.94746],[106499.01,0.21044],[106483.12,0.04692],[106443.17,0.01469],[106316.8,4.68691],[106279.24,0.00585],[106254.96,0.03698],[105702.88,0.00037]],"asks":[[106555.27,3.34167],[106555.28,0.00012],[106555.33,0.0001],[106555.34,0.03281],[106555.35,0.00073],[106556.51,0.0001],[106558.85,0.0001],[106558.86,0.01062],[106559.35,0.07114],[106560.0,5e-05],[106560.99,5e-05],[106561.0,0.06105],[106561.36,5e-05],[106561.37,0.63001],[106561.38,0.56245],[106563.21,0.01852],[106563.39,0.007],[106564.35,0.30972],[106564.89,1.31354],[106565.34,0.5624]]},"raw":{}}
{"exchange":"binance","instance_id":"A","symbol":"BTC-USD","event_ts":1762205086.514,"seq":79648480054,"depth":{"last_seq":79648480054,"bids":[[106555.26,2.46854],[106555.25,0.00464],[106554.04,0.0001],[106554.03,0.12886],[106554.02,0.3099],[106552.4,0.01923],[106551.76,0.06357],[106545.3,5e-05],[106542.32,0.24343],[106539.28,0.00474],[106538.7,0.33796],[106536.78,0.31678],[106515.07,0.94746],[106512.52,0.04692],[106499.01,0.21044],[106443.17,0.01469],[106316.8,4.68691],[106279.24,0.00585],[106254.96,0.03698],[106082.77,0.4183]],"asks":[[106555.27,3.34167],[106555.28,0.00012],[106555.33,0.0001],[106555.34,0.03281],[106555.35,0.00073],[106556.51,0.0001],[106558.85,0.0001],[106558.86,0.01062],[106559.35,0.07114],[106560.0,5e-05],[106560.99,5e-05],[106561.0,0.06105],[106561.36,5e-05],[106561.37,0.63001],[106561.38,0.56245],[106563.21,0.01852],[106563.39,0.007],[106564.35,0.30972],[106564.89,1.31354],[106565.34,0.5624]]},"raw":{}}
{"exchange":"binance","instance_id":"A","symbol":"BTC-USD","event_ts":1762205086.614,"seq":79648480080,"depth":{"last_seq":79648480080,"bids":[[106555.26,1.7523],[106555.25,0.00464],[106554.04,0.0001],[106554.03,0.0003],[106554.02,0.3099],[106552.4,0.01923],[106551.76,0.06357],[106547.27,5e-05],[106545.3,5e-05],[106542.32,5e-05],[106539.28,0.00474],[106536.78,0.31678],[106536.35,0.33797],[106531.83,0.84092],[106521.33,0.33802],[106515.35,0.02346],[106515.07,0.94746],[106512.52,0.04692],[106499.01,0.21044],[106443.17,0.01469]],"asks":[[106555.27,3.44632],[106555.28,0.00012],[106555.33,0.0001],[106555.34,0.03281],[106555.35,0.00073],[106556.51,0.0001],[106558.85,0.0001],[106558.86,0.01062],[106559.35,0.07114],[106560.0,5e-05],[106560.91,0.30973],[106560.99,5e-05],[106561.0,0.06105],[106561.36,5e-05],[106561.37,0.63001],[106561.38,0.56245],[106563.21,0.01852],[106563.39,0.007],[106564.89,1.31354],[106565.34,0.5624]]},"raw":{}}
{"exchange":"binance","instance_id":"A","symbol":"BTC-USD","event_ts":1762205086.714,"seq":79648480127,"depth":{"last_seq":79648480127,"bids":[[106555.26,1.67253],[106555.25,0.00459],[106554.03,0.0002],[106554.02,0.3099],[106552.4,0.01923],[106551.76,0.06357],[106550.0,0.00761],[106549.33,0.003],[106545.3,0.0001],[106545.29,0.04802],[106544.23,0.00568],[106540.0,0.00766],[106539.97,0.15246],[106539.96,0.31654],[106539.28,0.00474],[106536.79,0.22467],[106536.78,0.31678],[106536.35,0.33797],[106531.83,0.84092],[106521.33,0.33802]],"asks":[[106555.27,3.52368],[106555.28,0.00012],[106555.33,0.0001],[106555.34,0.03281],[106555.35,0.00073],[106556.51,0.0001],[106558.85,0.0001],[106558.86,0.01062],[106559.35,0.07114],[106560.0,5e-05],[106560.9,5e-05],[106560.91,0.30978],[106560.99,5e-05],[106561.0,0.06105],[106561.37,0.63001],[106561.38,0.56245],[106563.21,0.01847],[106563.39,0.007],[106564.89,1.31354],[106565.34,0.5624]]},"raw":{}}
{"exchange":"binance","instance_id":"A","symbol":"BTC-USD","event_ts":1762205086.814,"seq":79648480148,"depth":{"last_seq":79648480148,"bids":[[106555.26,1.67258],[106555.25,0.00459],[106554.03,0.0001],[106554.02,0.30995],[106553.67,0.00103],[106552.4,0.01928],[106551.76,0.06357],[106550.0,0.00761],[106549.33,0.003],[106546.21,0.00413],[106545.3,0.01635],[106545.29,0.04797],[106544.23,0.00568],[106540.0,0.00766],[106539.98,0.00052],[106539.97,0.15246],[106539.96,0.31654],[106539.28,0.00474],[106536.79,0.22467],[106536.78,0.31678]],"asks":[[106555.27,3.52368],[106555.28,0.00012],[106555.33,0.0001],[106555.34,0.03281],[106555.35,0.00073],[106556.51,0.0001],[106557.93,0.00206],[106558.85,0.0001],[106558.86,0.01062],[106559.35,0.07114],[106560.0,5e-05],[106560.9,5e-05],[106560.91,0.30978],[106560.99,5e-05],[106561.0,0.06105],[106561.37,0.63001],[106561.38,0.56245],[106563.21,0.01847],[106563.39,0.007],[106564.32,0.00413]]},"raw":{}}
{"exchange":"binance","instance_id":"A","symbol":"BTC-USD","event_ts":1762205086.914,"seq":79648480170,"depth":{"last_seq":79648480170,"bids":[[106555.26,1.6727],[106555.25,0.00464],[106554.03,0.0001],[106554.02,0.30995],[106553.67,0.00108],[106552.4,0.01923],[106551.76,0.06352],[106550.0,0.00761],[106549.33,0.003],[106546.21,0.00418],[106545.3,0.0164],[106545.29,0.04797],[106544.23,0.00568],[106540.0,0.00766],[106539.98,0.00052],[106539.97,0.15246],[106539.96,0.31649],[106539.28,0.00474],[106536.8,1.31354],[106536.79,0.22467]],"asks":[[106555.27,3.52368],[106555.28,0.00012],[106555.33,0.0001],[106555.34,0.03281],[106555.35,0.00073],[106556.51,0.0001],[106556.52,0.01361],[106557.93,0.00206],[106558.85,0.0001],[106558.86,0.01062],[106559.35,0.07114],[106560.0,5e-05],[106560.9,5e-05],[106560.91,0.30978],[106560.99,5e-05],[106561.0,0.06105],[106561.37,0.63001],[106561.38,0.56245],[106563.21,0.01847],[106563.39,0.007]]},"raw":{}}
{"exchange":"binance","instance_id":"A","symbol":"BTC-USD","event_ts":1762205087.014,"seq":79648480174,"depth":{"last_seq":79648480174,"bids":[[106555.26,1.6727],[106555.25,0.00464],[106554.03,0.0001],[106554.02,0.30995],[106553.67,0.00108],[106552.4,0.01923],[106551.76,0.06352],[106550.0,0.00761],[106549.33,0.003],[106546.21,0.00418],[106545.3,0.0164],[106545.29,0.04797],[106544.23,0.00568],[106540.0,0.00766],[106539.98,0.00052],[106539.97,0.15246],[106539.96,0.31649],[106539.28,0.00474],[106536.81,0.61676],[106536.8,1.31354]],"asks":[[106555.27,3.52368],[106555.28,0.00012],[106555.33,0.0001],[106555.34,0.03281],[106555.35,0.00073],[106556.51,0.0001],[106556.52,0.01361],[106557.93,0.00206],[106558.85,0.0001],[106558.86,0.01062],[106559.35,0.07114],[106560.0,5e-05],[106560.9,5e-05],[106560.91,0.30978],[106560.99,5e-05],[106561.0,0.06105],[106561.37,0.63001],[106561.38,0.56245],[106563.21,0.01847],[106563.39,0.007]]},"raw":{}}
{"exchange":"binance","instance_id":"A","symbol":"BTC-USD","event_ts":1762205087.114,"seq":79648480177,"depth":{"last_seq":79648480177,"bids":[[106555.26,1.6727],[106555.25,0.00464],[106554.03,0.0001],[106554.02,0.30995],[106553.67,0.00108],[106552.4,0.01923],[106551.76,0.06352],[106550.0,0.00761],[106549.33,0.003],[106546.21,0.00418],[106545.3,0.0164],[106545.29,0.04797],[106544.23,0.00568],[106540.0,0.00766],[106539.98,0.00052],[106539.97,0.15246],[106539.96,0.31649],[106539.28,0.00474],[106536.81,0.61676],[106536.8,1.31354]],"asks":[[106555.27,3.52368],[106555.28,0.00012],[106555.33,0.0001],[106555.34,0.03281],[106555.35,0.00073],[106556.51,0.0001],[106556.52,0.01361],[106557.93,0.00206],[106558.85,0.0001],[106558.86,0.01062],[106559.35,0.07114],[106560.0,5e-05],[106560.9,5e-05],[106560.91,0.30978],[106560.99,5e-05],[106561.0,0.06105],[106561.37,0.63001],[106561.38,0.56245],[106563.21,0.01847],[106563.39,0.007]]},"raw":{}}
{"exchange":"binance","instance_id":"A","symbol":"BTC-USD","event_ts":1762205087.214,"seq":79648480186,"depth":{"last_seq":79648480186,"bids":[[106555.26,1.6727],[106555.25,0.00464],[106554.03,0.0001],[106554.02,0.30995],[106553.67,0.00108],[106552.4,0.01923],[106551.76,0.06352],[106550.0,0.00761],[106549.33,0.003],[106546.21,0.00418],[106545.3,0.0164],[106545.29,0.04797],[106544.23,0.00568],[106540.0,0.00766],[106539.98,0.00052],[106539.97,0.15246],[106539.96,0.31649],[106539.28,0.00474],[106536.81,0.61676],[106536.8,1.31354]],"asks":[[106555.27,3.41903],[106555.28,0.00012],[106555.33,0.0001],[106555.34,0.03281],[106555.35,0.00073],[106556.51,0.0001],[106556.52,0.01361],[106557.93,0.00206],[106558.85,0.0001],[106558.86,0.01062],[106559.35,0.07114],[106560.0,5e-05],[106560.9,5e-05],[106560.91,5e-05],[106560.99,5e-05],[106561.0,0.06105],[106561.37,0.63001],[106561.38,0.56245],[106563.21,0.01847],[106563.39,0.007]]},"raw":{}}
{"exchange":"binance","instance_id":"A","symbol":"BTC-USD","event_ts":1762205087.314,"seq":79648480212,"depth":{"last_seq":79648480212,"bids":[[106555.26,1.67261],[106555.25,0.00464],[106554.03,0.12186],[106554.02,0.30995],[106553.67,0.00108],[106552.4,0.01923],[106551.76,0.06352],[106550.0,0.00761],[106549.33,0.003],[106546.21,0.00418],[106545.3,0.0164],[106545.29,0.04797],[106544.23,0.00568],[106540.0,0.00766],[106539.98,0.00052],[106539.97,0.15246],[106539.96,0.31649],[106539.28,0.00474],[106536.81,0.61676],[106536.8,1.31354]],"asks":[[106555.27,2.64388],[106555.28,0.00012],[106555.33,0.0001],[106555.34,0.03281],[106555.35,0.00073],[106556.51,0.0001],[106556.52,0.01361],[106557.93,0.00206],[106558.85,0.0001],[106558.86,0.01062],[106559.35,0.07114],[106560.0,5e-05],[106561.0,5e-05],[106561.36,5e-05],[106561.37,0.63001],[106561.38,0.56245],[106563.21,0.01852],[106563.32,0.30973],[106563.39,0.007],[106564.32,0.00413]]},"raw":{}}
{"exchange":"binance","instance_id":"A","symbol":"BTC-USD","event_ts":1762205087.414,"seq":79648480239,"depth":{"last_seq":79648480239,"bids":[[106555.26,1.67266],[106555.25,0.00464],[106554.04,0.0001],[106554.03,0.12196],[106554.02,0.3099],[106553.67,0.00108],[106553.13,0.00198],[106552.4,0.01923],[106551.76,0.06352],[106550.0,0.00761],[106549.33,0.003],[106546.21,0.00418],[106545.3,0.0164],[106545.29,0.04797],[106544.23,0.00568],[106540.0,0.00766],[106539.98,0.00047],[106539.97,0.15241],[106539.96,0.31649],[106539.28,0.00474]],"asks":[[106555.27,2.64341],[106555.28,0.00012],[106555.33,0.0001],[106555.34,0.03281],[106555.35,0.00073],[106556.51,0.0001],[106556.52,0.01361],[106557.93,0.00206],[106558.85,0.0001],[106558.86,0.01062],[106559.35,0.07114],[106560.0,5e-05],[106561.36,5e-05],[106561.37,0.63001],[106561.38,0.56245],[106563.21,0.01852],[106563.32,0.30978],[106563.39,0.007],[106564.32,0.00413],[106564.89,1.31354]]},"raw":{}}
{"exchange":"binance","instance_id":"A","symbol":"BTC-USD","event_ts":1762205087.514,"seq":79648480247,"depth":{"last_seq":79648480247,"bids":[[106555.26,1.75246],[106555.25,0.00464],[106554.04,0.0001],[106554.03,0.12196],[106554.02,0.3099],[106553.67,0.00108],[106553.13,0.00198],[106552.4,0.01923],[106551.76,0.06352],[106550.0,0.00761],[106549.33,0.003],[106546.21,0.00418],[106545.3,0.0164],[106545.29,0.04797],[106544.23,0.00568],[106540.82,0.33796],[106540.0,0.00766],[106539.98,0.00047],[106539.97,0.15241],[106539.96,0.31649]],"asks":[[106555.27,2.64341],[106555.28,0.00012],[106555.33,0.0001],[106555.34,0.03281],[106555.35,0.00073],[106556.51,0.0001],[106556.52,0.01361],[106557.93,0.00206],[106558.85,0.0001],[106558.86,0.01062],[106559.35,0.07114],[106560.0,5e-05],[106561.36,5e-05],[106561.37,0.63001],[106561.38,0.56245],[106563.21,0.01852],[106563.32,0.30978],[106563.39,0.007],[106564.32,0.00413],[106564.89,1.31354]]},"raw":{}}
{"exchange":"binance","instance_id":"A","symbol":"BTC-USD","event_ts":1762205087.614,"seq":79648480259,"depth":{"last_seq":79648480259,"bids":[[106555.26,1.75246],[106555.25,0.00464],[106554.04,0.0001],[106554.03,0.12201],[106554.02,0.3099],[106553.67,0.00108],[106553.13,0.00198],[106552.4,0.01923],[106551.76,0.06352],[106550.0,0.00761],[106549.33,0.003],[106546.21,0.00418],[106545.3,0.0164],[106545.29,0.04797],[106544.23,0.00568],[106540.83,0.25667],[106540.82,0.33796],[106540.0,0.00761],[106539.98,0.00047],[106539.96,0.31649]],"asks":[[106555.27,2.64389],[106555.28,0.00012],[106555.33,0.0001],[106555.34,0.03281],[106555.35,0.00073],[106556.51,0.0001],[106556.52,0.01361],[106557.93,0.00206],[106558.85,0.0001],[106558.86,0.01062],[106559.35,0.07114],[106560.0,5e-05],[106561.36,5e-05],[106561.37,0.63001],[106561.38,0.56245],[106563.21,0.01852],[106563.32,0.30978],[106563.39,0.007],[106564.32,0.00413],[106564.89,1.31354]]},"raw":{}}
{"exchange":"binance","instance_id":"A","symbol":"BTC-USD","event_ts":1762205087.714,"seq":79648480263,"depth":{"last_seq":79648480263,"bids":[[106555.26,2.44096],[106555.25,0.00464],[106554.04,0.0001],[106554.03,0.12201],[106554.02,0.3099],[106553.67,0.00108],[106553.13,0.00198],[106552.4,0.01923],[106551.76,0.06352],[106550.0,0.00761],[106549.33,0.003],[106546.21,0.00418],[106545.3,0.0164],[106545.29,0.04797],[106544.23,0.00568],[106540.83,0.25667],[106540.82,0.33796],[106540.0,0.00761],[106539.98,0.00047],[106539.96,0.31649]],"asks":[[106555.27,3.41939],[106555.28,0.00012],[106555.33,0.0001],[106555.34,0.03281],[106555.35,0.00073],[106556.51,0.0001],[106556.52,0.01361],[106557.93,0.00206],[106558.85,0.0001],[106558.86,0.01062],[106559.35,0.07114],[106560.0,5e-05],[106561.36,5e-05],[106561.37,0.63001],[106561.38,0.56245],[106563.21,0.01852],[106563.32,0.30978],[106563.39,0.007],[106564.32,0.00413],[106564.89,1.31354]]},"raw":{}}
{"exchange":"binance","instance_id":"A","symbol":"BTC-USD","event_ts":1762205087.814,"seq":79648480274,"depth":{"last_seq":79648480274,"bids":[[106555.26,2.75004],[106555.25,0.00464],[106554.04,0.0001],[106554.03,0.12201],[106554.02,0.3099],[106553.67,0.00108],[106553.13,0.00198],[106552.4,0.01923],[106551.76,0.06352],[106550.0,0.00761],[106549.33,0.003],[106546.21,0.00418],[106545.3,0.0164],[106545.29,0.04797],[106544.23,0.00568],[106540.83,0.25667],[106540.82,0.33796],[106540.0,0.00761],[106539.98,0.00047],[106539.96,0.31649]],"asks":[[106555.27,2.64294],[106555.28,0.00012],[106555.33,0.0001],[106555.34,0.03281],[106555.35,0.00073],[106556.51,0.0001],[106556.52,0.01361],[106557.93,0.00206],[106558.85,0.0001],[106558.86,0.01062],[106559.35,0.07114],[106560.0,5e-05],[106561.36,5e-05],[106561.37,0.63001],[106561.38,0.56245],[106563.21,0.01852],[106563.32,0.30978],[106563.39,0.007],[106564.32,0.00413],[106564.89,1.31354]]},"raw":{}}
{"exchange":"binance","instance_id":"A","symbol":"BTC-USD","event_ts":1762205087.914,"seq":79648481210,"depth":{"last_seq":79648481210,"bids":[[106557.01,7.8029],[106556.85,0.6882],[106556.84,0.00065],[106556.51,0.0402],[106556.44,0.0001],[106555.34,5e-05],[106555.33,0.3306],[106555.32,0.12974],[106555.26,0.22909],[106555.25,0.00429],[106554.03,5e-05],[106554.02,5e-05],[106553.67,0.00103],[106553.13,0.00198],[106552.4,0.01918],[106552.39,0.07104],[106551.76,0.06347],[106551.5,5e-05],[106550.0,0.00756],[106549.33,0.003]],"asks":[[106557.02,0.0035],[106557.03,0.00075],[106557.85,0.0001],[106557.93,0.00216],[106558.82,0.0001],[106558.85,0.0001],[106558.86,0.00015],[106559.35,0.00015],[106560.0,5e-05],[106561.36,0.0001],[106561.37,0.0002],[106561.38,0.0001],[106563.21,0.0001],[106563.31,5e-05],[106563.32,5e-05],[106563.39,0.00705],[106564.32,0.00413],[106564.89,5e-05],[106565.26,0.01098],[106565.34,5e-05]]},"raw":{}}
{"exchange":"binance","instance_id":"A","symbol":"BTC-USD","event_ts":1762205088.014,"seq":79648482239,"depth":{"last_seq":79648482239,"bids":[[106564.31,5.67412],[106564.23,0.0001],[106563.4,5e-05],[106563.39,0.25593],[106560.52,0.07104],[106560.0,1.35485],[106559.99,0.35989],[106558.84,0.0402],[106558.0,0.06],[106557.89,2.37961],[106557.88,0.00015],[106557.85,0.0025],[106557.84,0.04015],[106557.3,0.04],[106557.01,0.55172],[106556.85,5e-05],[106556.51,0.04005],[106555.87,0.00025],[106555.33,0.33005],[106555.32,0.10625]],"asks":[[106564.32,0.00588],[106564.33,0.0007],[106564.89,5e-05],[106565.25,0.0001],[106565.26,0.01108],[106565.64,0.0001],[106565.91,0.0001],[106565.92,0.00756],[106567.21,0.0001],[106568.91,5e-05],[106569.11,0.03973],[106569.12,0.00016],[106569.14,0.00048],[106569.2,0.00047],[106570.0,0.00876],[106570.35,0.0001],[106570.36,0.04852],[106570.37,5e-05],[106570.38,0.18638],[106575.73,0.24374]]},"raw":{}}
{"exchange":"binance","instance_id":"A","symbol":"BTC-USD","event_ts":1762205088.114,"seq":79648482812,"depth":{"last_seq":79648482812,"bids":[[106565.25,6.26258],[106564.31,0.48309],[106563.4,5e-05],[106563.39,0.0002],[106562.12,0.0025],[106560.52,0.07124],[106560.01,1.31354],[106560.0,0.00015],[106559.99,0.04005],[106559.14,0.27043],[106558.84,0.0401],[106558.36,0.01346],[106558.0,0.0601],[106557.9,1.10883],[106557.89,0.0001],[106557.85,0.00255],[106557.84,0.0401],[106557.3,0.04],[106557.01,0.04005],[106556.51,0.04005]],"asks":[[106565.26,0.0015],[106565.27,0.00065],[106565.91,0.0001],[106565.92,0.00766],[106566.0,0.0013],[106567.11,0.0001],[106567.21,0.0001],[106567.71,0.0001],[106568.0,0.00125],[106568.91,5e-05],[106569.1,0.0001],[106569.11,0.00015],[106569.12,6e-05],[106569.99,0.0001],[106570.0,0.00876],[106570.35,0.0001],[106570.36,0.0001],[106570.37,5e-05],[106570.38,0.0001],[106573.45,0.02826]]},"raw":{}}
{"exchange":"binance","instance_id":"A","symbol":"BTC-USD","event_ts":1762205088.214,"seq":79648483610,"depth":{"last_seq":79648483610,"bids":[[106569.11,5.20807],[106569.1,0.07977],[106569.04,0.0001],[106568.91,5e-05],[106566.39,0.0025],[106566.0,3.87697],[106565.99,0.4064],[106565.91,0.00015],[106565.25,0.04921],[106564.31,0.12421],[106563.4,5e-05],[106562.13,0.00469],[106562.12,0.0025],[106560.52,0.07119],[106560.02,0.5624],[106560.01,1.31359],[106559.99,0.04005],[106559.14,0.27048],[106558.84,0.0401],[106558.36,0.01346]],"asks":[[106569.12,0.00194],[106569.13,0.0004],[106569.25,0.0001],[106569.99,0.0001],[106570.0,0.00876],[106572.89,0.0001],[106573.44,0.0001],[106573.45,0.02826],[106575.98,0.00149],[106578.16,0.03885],[106578.17,0.11639],[106580.0,0.00881],[106580.3,0.00149],[106581.38,0.0001],[106583.47,0.0025],[106584.0,0.09598],[106584.23,0.00048],[106584.52,0.00054],[106585.02,5e-05],[106586.5,0.0019]]},"raw":{}}
{"exchange":"binance","instance_id":"A","symbol":"BTC-USD","event_ts":1762205088.314,"seq":79648484276,"depth":{"last_seq":79648484276,"bids":[[106571.8,5.7281],[106570.66,0.0025],[106570.28,0.0002],[106569.99,2.74061],[106569.11,0.36421],[106569.1,0.0002],[106568.91,5e-05],[106568.55,0.07104],[106566.39,0.00255],[106566.0,1.31359],[106565.99,0.09125],[106565.25,0.04015],[106564.7,0.27043],[106564.31,0.13767],[106563.4,5e-05],[106563.36,0.00045],[106562.12,0.0025],[106561.27,0.07993],[106561.14,0.00085],[106560.52,0.07119]],"asks":[[106571.81,0.006],[106571.82,0.00035],[106572.0,0.0013],[106573.3,5e-05],[106573.44,0.0001],[106573.45,0.0002],[106574.0,0.00125],[106574.97,5e-05],[106575.98,0.00154],[106578.15,0.0001],[106578.16,0.03895],[106578.17,0.0001],[106580.0,0.00881],[106580.3,0.00149],[106583.85,0.10783],[106583.99,0.0001],[106584.0,0.09608],[106584.01,0.0001],[106584.23,0.00048],[106584.52,0.00054]]},"raw":{}}
{"exchange":"binance","instance_id":"A","symbol":"BTC-USD","event_ts":1762205088.414,"seq":79648484464,"depth":{"last_seq":79648484464,"bids":[[106571.8,5.75861],[106571.73,0.0001],[106570.66,0.00265],[106570.28,0.0002],[106570.0,1.36817],[106569.99,0.35788],[106569.11,0.04916],[106569.1,5e-05],[106568.91,5e-05],[106568.55,0.07119],[106566.39,0.0026],[106566.0,1.31364],[106565.99,0.09125],[106565.25,0.0401],[106564.7,0.27048],[106564.31,0.13767],[106563.4,5e-05],[106563.36,0.00045],[106562.12,0.00255],[106561.27,0.07998]],"asks":[[106571.81,0.0061],[106571.82,0.00055],[106572.0,0.0013],[106573.3,5e-05],[106574.0,0.00125],[106574.97,5e-05],[106575.98,0.00154],[106577.17,0.0001],[106578.15,0.01488],[106578.16,0.0001],[106579.99,0.0001],[106580.0,0.00881],[106580.3,0.00149],[106583.84,0.11242],[106583.85,0.10793],[106583.99,0.0001],[106584.0,0.0013],[106584.23,0.00048],[106584.52,0.00048],[106585.02,5e-05]]},"raw":{}}
{"exchange":"binance","instance_id":"A","symbol":"BTC-USD","event_ts":1762205088.514,"seq":79648484966,"depth":{"last_seq":79648484966,"bids":[[106574.0,5.62384],[106573.99,2.22736],[106571.99,0.0914],[106571.81,0.315],[106571.8,0.4132],[106570.66,0.00265],[106570.0,0.16819],[106569.99,0.04273],[106569.11,0.04005],[106569.1,5e-05],[106568.91,5e-05],[106568.55,0.07109],[106566.39,0.0026],[106566.0,1.31359],[106565.99,0.09125],[106565.25,0.04005],[106564.7,0.27043],[106564.31,0.13762],[106563.4,5e-05],[106563.36,0.00045]],"asks":[[106574.01,0.0015],[106574.02,0.0004],[106574.42,0.0001],[106574.97,5e-05],[106575.98,0.0001],[106576.0,0.0013],[106577.02,0.0001],[106577.17,0.0001],[106578.0,0.00125],[106578.14,0.0001],[106578.15,0.00015],[106579.99,0.0001],[106580.0,0.00881],[106580.3,0.00149],[106583.03,0.01204],[106583.83,0.06698],[106583.84,0.0002],[106583.85,0.10793],[106584.0,0.0012],[106585.02,5e-05]]},"raw":{}}
{"exchange":"binance","instance_id":"A","symbol":"BTC-USD","event_ts":1762205088.614,"seq":79648485471,"depth":{"last_seq":79648485471,"bids":[[106583.83,5.00012],[106583.82,0.0001],[106583.76,0.0001],[106579.93,5e-05],[106579.64,0.315],[106575.38,0.00045],[106574.42,5e-05],[106574.01,2.42115],[106574.0,0.10849],[106573.99,0.04295],[106573.17,0.00938],[106571.99,0.09135],[106571.81,0.3151],[106571.8,0.35979],[106570.66,0.00265],[106570.49,0.0001],[106570.03,0.00047],[106570.0,0.08153],[106569.99,0.04005],[106569.11,0.04005]],"asks":[[106583.84,1.73889],[106583.85,0.00045],[106583.92,0.0001],[106584.0,0.0012],[106584.01,5e-05],[106586.85,0.05123],[106586.86,0.0001],[106587.74,0.0025],[106590.0,0.00896],[106590.14,0.01863],[106591.65,0.0001],[106591.66,0.0001],[106591.99,0.0001],[106592.0,0.49666],[106592.01,0.5649],[106593.01,5e-05],[106594.78,0.30964],[106595.96,0.00044],[106595.98,0.5624],[106596.28,0.00058]]},"raw":{}}
{"exchange":"binance","instance_id":"A","symbol":"BTC-USD","event_ts":1762205088.714,"seq":79648485637,"depth":{"last_seq":79648485637,"bids":[[106583.83,5.0135],[106583.76,0.0001],[106581.7,0.00188],[106580.0,5e-05],[106579.93,5e-05],[106579.65,0.09413],[106579.64,0.3152],[106577.44,0.00563],[106575.38,0.00055],[106574.42,5e-05],[106574.02,0.89296],[106574.01,0.0001],[106574.0,0.09508],[106573.99,0.04295],[106573.18,0.00751],[106573.17,0.00938],[106571.99,0.09125],[106571.81,5e-05],[106571.8,0.04479],[106570.66,0.0027]],"asks":[[106583.84,1.75424],[106583.85,0.00045],[106583.92,0.0001],[106584.0,0.0013],[106584.01,5e-05],[106585.97,0.00188],[106586.0,0.00125],[106586.84,0.02521],[106586.85,0.00015],[106587.74,0.0025],[106589.99,0.0001],[106590.0,0.00896],[106590.13,0.0001],[106590.14,0.01873],[106590.23,0.00563],[106591.99,0.0001],[106592.0,0.49666],[106592.01,0.565],[106593.01,5e-05],[106594.49,0.00751]]},"raw":{}}
{"exchange":"binance","instance_id":"A","symbol":"BTC-USD","event_ts":1762205088.814,"seq":79648485746,"depth":{"last_seq":79648485746,"bids":[[106583.83,4.6839],[106583.76,0.0001],[106581.7,0.00203],[106580.0,5e-05],[106579.93,5e-05],[106579.7,5e-05],[106579.66,0.0001],[106579.65,0.09433],[106579.64,0.3151],[106577.44,0.00573],[106575.38,0.00045],[106574.42,5e-05],[106574.03,0.34101],[106574.02,5e-05],[106574.01,0.0001],[106574.0,0.09503],[106573.99,0.04295],[106573.18,0.00756],[106573.17,0.00938],[106571.99,0.09125]],"asks":[[106583.84,1.75434],[106583.85,0.00055],[106583.92,0.0001],[106584.0,0.0013],[106584.01,5e-05],[106584.77,0.02816],[106585.97,0.00193],[106586.0,0.00125],[106586.83,0.01917],[106586.84,0.0001],[106587.74,0.0025],[106589.99,0.0001],[106590.0,0.00896],[106590.13,0.0001],[106590.14,0.01873],[106590.23,0.00568],[106591.99,0.0001],[106592.0,0.49666],[106592.01,0.565],[106593.01,5e-05]]},"raw":{}}
{"exchange":"binance","instance_id":"A","symbol":"BTC-USD","event_ts":1762205088.914,"seq":79648485860,"depth":{"last_seq":79648485860,"bids":[[106583.83,3.83038],[106583.76,0.0001],[106581.7,0.00203],[106581.37,5e-05],[106580.0,5e-05],[106579.93,5e-05],[106579.7,5e-05],[106579.66,0.0001],[106579.65,0.09433],[106579.64,0.0001],[106577.44,0.00573],[106575.38,0.00045],[106574.42,5e-05],[106574.04,0.14841],[106574.03,5e-05],[106574.01,0.0001],[106574.0,0.09508],[106573.99,0.04295],[106573.18,0.00756],[106573.17,0.00938]],"asks":[[106583.84,2.33099],[106583.85,0.0002],[106583.92,0.0001],[106584.0,0.0013],[106584.01,5e-05],[106584.76,0.02674],[106584.77,0.00015],[106585.97,0.00193],[106586.0,0.0012],[106586.82,0.0001],[106586.83,0.0001],[106587.74,0.0025],[106588.51,0.5624],[106589.99,0.0001],[106590.0,0.00896],[106590.13,0.0001],[106590.14,0.01873],[106590.23,0.00568],[106592.0,0.49661],[106592.01,0.56495]]},"raw":{}}
{"exchange":"binance","instance_id":"A","symbol":"BTC-USD","event_ts":1762205089.014,"seq":79648485973,"depth":{"last_seq":79648485973,"bids":[[106583.83,1.91128],[106583.76,0.0001],[106581.7,0.00203],[106581.37,5e-05],[106580.0,5e-05],[106579.93,5e-05],[106579.7,5e-05],[106579.66,0.03],[106579.65,0.0002],[106577.44,0.00573],[106575.38,0.0005],[106574.42,5e-05],[106574.05,0.13209],[106574.04,5e-05],[106574.01,0.0001],[106574.0,0.09513],[106573.99,0.00295],[106573.18,0.00756],[106573.17,0.00943],[106572.0,5e-05]],"asks":[[106583.84,2.32798],[106583.85,0.00031],[106583.92,0.0001],[106584.0,0.0013],[106584.01,5e-05],[106584.75,0.0001],[106584.76,0.17724],[106585.97,0.00193],[106586.0,0.00125],[106586.28,0.30966],[106587.74,0.0025],[106588.51,0.5625],[106589.17,0.0015],[106590.0,0.00896],[106590.14,0.01873],[106590.23,0.00568],[106591.0,0.061],[106592.0,0.49661],[106592.01,0.56495],[106593.01,5e-05]]},"raw":{}}
{"exchange":"binance","instance_id":"A","symbol":"BTC-USD","event_ts":1762205089.114,"seq":79648486093,"depth":{"last_seq":79648486093,"bids":[[106583.83,1.91138],[106583.76,0.0001],[106582.4,0.06514],[106581.7,0.00203],[106581.37,5e-05],[106580.62,0.0001],[106580.61,0.30968],[106580.0,5e-05],[106579.93,5e-05],[106579.7,5e-05],[106579.67,0.0001],[106579.66,0.00015],[106579.65,5e-05],[106577.44,0.00573],[106575.38,5e-05],[106574.42,5e-05],[106574.06,0.10341],[106574.05,5e-05],[106574.01,0.0001],[106574.0,0.09498]],"asks":[[106583.84,2.40218],[106583.85,0.00041],[106583.92,0.0001],[106584.0,0.0013],[106584.01,5e-05],[106584.75,0.0001],[106584.76,0.26893],[106585.97,0.00193],[106586.0,0.0012],[106586.27,0.0001],[106586.28,0.30976],[106586.86,0.06374],[106587.74,0.0025],[106588.5,0.0001],[106588.51,0.5625],[106589.17,0.0015],[106590.0,0.00896],[106590.14,0.01873],[106590.23,0.00568],[106591.0,0.12105]]},"raw":{}}
{"exchange":"binance","instance_id":"A","symbol":"BTC-USD","event_ts":1762205089.214,"seq":79648486163,"depth":{"last_seq":79648486163,"bids":[[106583.83,1.85835],[106583.76,0.0001],[106582.41,0.0001],[106582.4,0.06529],[106581.7,0.00198],[106581.37,5e-05],[106580.62,0.0001],[106580.61,0.30978],[106580.0,5e-05],[106579.93,5e-05],[106579.7,5e-05],[106579.65,5e-05],[106577.44,0.00573],[106574.42,5e-05],[106574.07,0.0001],[106574.06,0.06875],[106574.01,0.0001],[106574.0,0.09498],[106573.99,0.00198],[106573.18,0.00756]],"asks":[[106583.84,2.49913],[106583.85,0.00046],[106583.92,0.0001],[106584.0,0.0013],[106584.01,5e-05],[106584.75,0.0001],[106584.76,0.26893],[106585.97,0.00193],[106586.0,0.0012],[106586.27,0.0001],[106586.28,0.30976],[106586.85,0.0001],[106586.86,0.06384],[106587.74,0.0025],[106588.5,0.0001],[106588.51,0.5625],[106589.17,0.0015],[106590.0,0.00896],[106590.14,0.01868],[106590.23,0.00568]]},"raw":{}}
{"exchange":"binance","instance_id":"A","symbol":"BTC-USD","event_ts":1762205089.314,"seq":79648486180,"depth":{"last_seq":79648486180,"bids":[[106583.83,1.85827],[106583.76,0.0001],[106582.41,0.0001],[106582.4,0.06529],[106581.7,0.00198],[106581.37,5e-05],[106580.62,0.0001],[106580.61,0.30978],[106580.0,5e-05],[106579.93,5e-05],[106579.7,5e-05],[106579.65,5e-05],[106577.44,0.00573],[106574.42,5e-05],[106574.07,0.0001],[106574.06,0.06875],[106574.01,0.0001],[106574.0,0.09498],[106573.99,0.00198],[106573.18,0.00756]],"asks":[[106583.84,2.49913],[106583.85,0.00046],[106583.92,0.0001],[106584.0,0.0013],[106584.01,5e-05],[106584.75,0.0001],[106584.76,0.26893],[106585.97,0.00193],[106586.0,0.0012],[106586.27,0.0001],[106586.28,0.30976],[106586.85,0.0001],[106586.86,0.06384],[106587.74,0.0025],[106588.51,0.5625],[106589.17,0.0015],[106590.0,0.00896],[106590.14,0.01868],[106590.23,0.00568],[106591.0,0.12105]]},"raw":{}}
{"exchange":"binance","instance_id":"A","symbol":"BTC-USD","event_ts":1762205089.414,"seq":79648486197,"depth":{"last_seq":79648486197,"bids":[[106583.83,1.85827],[106583.76,0.0001],[106582.41,0.0001],[106582.4,0.06529],[106581.7,0.00198],[106581.37,5e-05],[106580.62,0.0001],[106580.61,0.30978],[106580.0,0.0187],[106579.93,5e-05],[106579.65,5e-05],[106577.44,0.00573],[106574.42,5e-05],[106574.07,0.0001],[106574.06,0.06875],[106574.01,0.0001],[106574.0,0.09498],[106573.99,0.00198],[106573.18,0.00756],[106573.17,0.01243]],"asks":[[106583.84,2.49913],[106583.85,0.00046],[106583.92,0.0001],[106584.0,0.0013],[106584.01,5e-05],[106584.75,0.0001],[106584.76,0.26893],[106584.94,0.02816],[106585.97,0.00193],[106586.0,0.0012],[106586.27,0.0001],[106586.28,0.30976],[106586.85,0.0001],[106586.86,0.06384],[106587.74,0.0025],[106588.22,5e-05],[106588.5,0.0001],[106588.51,0.5625],[106589.17,0.0015],[106590.0,0.00896]]},"raw":{}}
{"exchange":"binance","instance_id":"A","symbol":"BTC-USD","event_ts":1762205089.514,"seq":79648486340,"depth":{"last_seq":79648486340,"bids":[[106583.83,0.36014],[106583.76,0.0001],[106583.5,5e-05],[106582.41,0.0001],[106582.4,0.00015],[106581.7,0.00203],[106581.37,5e-05],[106580.62,0.0001],[106580.61,0.0001],[106580.01,0.0001],[106580.0,0.0001],[106579.93,5e-05],[106579.65,5e-05],[106577.44,0.00568],[106575.17,0.01877],[106574.42,5e-05],[106574.07,0.0001],[106574.01,0.0001],[106574.0,0.09498],[106573.99,0.00198]],"asks":[[106583.84,2.65256],[106583.85,0.00036],[106583.92,0.0001],[106584.0,0.0013],[106584.01,5e-05],[106584.75,0.5624],[106584.76,0.26893],[106584.94,0.02831],[106585.96,0.006],[106585.97,0.00188],[106586.0,0.0012],[106586.27,1.31354],[106586.28,0.30976],[106586.86,0.06384],[106587.74,0.0025],[106588.22,5e-05],[106588.51,0.56245],[106589.17,0.0015],[106590.0,0.00896],[106590.14,0.01868]]},"raw":{}}
{"exchange":"binance","instance_id":"A","symbol":"BTC-USD","event_ts":1762205089.614,"seq":79648486447,"depth":{"last_seq":79648486447,"bids":[[106583.83,0.03159],[106583.5,5e-05],[106581.7,0.00198],[106581.37,5e-05],[106580.0,5e-05],[106579.93,5e-05],[106579.65,5e-05],[106577.44,0.00583],[106575.18,0.0001],[106575.17,0.0001],[106574.42,5e-05],[106574.01,0.13156],[106574.0,0.09498],[106573.99,0.0001],[106573.18,0.00766],[106573.17,0.01238],[106571.8,5e-05],[106571.27,0.0001],[106571.18,0.01346],[106570.49,0.0001]],"asks":[[106583.84,2.82845],[106583.85,0.00036],[106583.92,0.0001],[106584.0,0.0013],[106584.01,5e-05],[106584.75,0.56255],[106584.76,1.08859],[106584.94,0.02826],[106585.15,0.07104],[106585.96,0.00605],[106585.97,0.00188],[106586.0,0.0012],[106586.27,1.31364],[106586.28,0.30971],[106586.86,0.06379],[106587.74,0.0025],[106588.22,5e-05],[106588.51,0.56245],[106589.17,0.0015],[106590.0,0.00896]]},"raw":{}}
{"exchange":"binance","instance_id":"A","symbol":"BTC-USD","event_ts":1762205089.714,"seq":79648486522,"depth":{"last_seq":79648486522,"bids":[[106583.83,0.03057],[106583.5,5e-05],[106581.7,0.00198],[106581.37,5e-05],[106580.0,5e-05],[106579.93,5e-05],[106579.85,0.0001],[106579.65,5e-05],[106577.44,0.00578],[106574.42,5e-05],[106574.02,0.0001],[106574.01,0.0002],[106574.0,0.09493],[106573.99,0.0001],[106573.18,0.00756],[106573.17,0.01238],[106571.8,5e-05],[106571.19,0.0001],[106571.18,0.01346],[106570.49,0.0001]],"asks":[[106583.84,2.8424],[106583.85,0.00036],[106583.92,0.0001],[106584.0,0.0013],[106584.01,5e-05],[106584.75,0.56255],[106584.76,1.08859],[106584.94,0.02826],[106585.15,0.07114],[106585.96,0.00605],[106585.97,0.00188],[106586.0,0.0012],[106586.1,0.12699],[106586.27,1.31359],[106586.28,0.30971],[106586.86,0.06379],[106587.74,0.0025],[106588.22,5e-05],[106588.51,0.56245],[106589.17,0.0015]]},"raw":{}}
{"exchange":"binance","instance_id":"A","symbol":"BTC-USD","event_ts":1762205089.814,"seq":79648486913,"depth":{"last_seq":79648486913,"bids":[[106574.0,1.80747],[106573.99,0.0001],[106573.92,0.0001],[106573.19,0.0001],[106573.18,0.00776],[106573.17,0.01258],[106571.8,5e-05],[106571.19,0.0001],[106571.18,0.01356],[106570.07,0.69],[106570.01,0.0001],[106570.0,0.21982],[106569.12,6e-05],[106569.1,5e-05],[106569.05,5e-05],[106568.99,5e-05],[106568.98,0.3151],[106568.91,5e-05],[106568.67,0.00023],[106568.38,5e-05]],"asks":[[106574.01,4.34259],[106574.09,0.0001],[106574.42,5e-05],[106575.48,0.30969],[106577.22,0.315],[106579.34,0.00126],[106579.93,5e-05],[106580.0,5e-05],[106580.21,0.5624],[106583.47,0.0025],[106583.51,0.0912],[106583.83,2.34684],[106583.84,0.45156],[106583.85,0.00036],[106584.0,0.00125],[106584.75,0.56255],[106584.76,0.0001],[106584.94,0.02826],[106585.15,0.07109],[106585.96,0.00605]]},"raw":{}}
{"exchange":"binance","instance_id":"A","symbol":"BTC-USD","event_ts":1762205089.914,"seq":79648487024,"depth":{"last_seq":79648487024,"bids":[[106574.0,1.87804],[106573.99,0.0001],[106573.92,0.0001],[106573.8,0.0189],[106573.19,0.0001],[106573.18,0.00776],[106573.17,0.01258],[106571.8,5e-05],[106571.19,0.0001],[106571.18,0.01361],[106570.08,0.30345],[106570.07,0.69015],[106570.01,0.0001],[106570.0,0.00761],[106569.12,6e-05],[106569.1,5e-05],[106569.05,5e-05],[106568.98,0.31505],[106568.91,5e-05],[106568.67,0.00023]],"asks":[[106574.01,4.6711],[106574.02,5e-05],[106574.09,0.0001],[106574.42,5e-05],[106575.47,0.35485],[106575.48,0.30989],[106577.21,0.0001],[106577.22,0.3152],[106579.34,0.00131],[106579.93,5e-05],[106580.0,5e-05],[106580.2,0.0001],[106580.21,0.56255],[106583.47,0.0025],[106583.51,0.0913],[106583.82,1.46615],[106583.83,5e-05],[106583.84,0.12999],[106583.85,0.00026],[106584.0,0.0012]]},"raw":{}}
{"exchange":"binance","instance_id":"A","symbol":"BTC-USD","event_ts":1762205090.014,"seq":79648487110,"depth":{"last_seq":79648487110,"bids":[[106574.0,2.54798],[106573.99,0.0001],[106573.92,0.0001],[106573.81,0.01595],[106573.8,0.0191],[106573.19,0.0001],[106573.18,0.00776],[106573.17,0.01253],[106572.84,5e-05],[106571.8,5e-05],[106571.19,0.0001],[106571.18,0.01361],[106570.09,5e-05],[106570.08,0.30345],[106570.07,0.69005],[106570.0,0.00756],[106569.12,6e-05],[106569.1,5e-05],[106569.05,5e-05],[106568.98,0.31505]],"asks":[[106574.01,3.60083],[106574.02,0.0001],[106574.09,0.0001],[106574.42,5e-05],[106575.46,0.0001],[106575.47,0.355],[106575.48,0.0002],[106577.21,0.0001],[106577.22,0.00015],[106577.56,5e-05],[106579.34,0.00131],[106579.93,5e-05],[106579.99,5e-05],[106580.0,5e-05],[106580.2,0.0001],[106580.21,0.5625],[106583.47,0.0025],[106583.51,0.09125],[106583.82,0.66954],[106583.84,0.12999]]},"raw":{}}
{"exchange":"binance","instance_id":"A","symbol":"BTC-USD","event_ts":1762205090.114,"seq":79648487200,"depth":{"last_seq":79648487200,"bids":[[106574.0,2.98719],[106573.99,0.0001],[106573.92,0.0001],[106573.82,0.0001],[106573.81,0.01605],[106573.8,0.0191],[106573.19,0.0001],[106573.18,0.00771],[106573.17,0.00953],[106572.84,5e-05],[106571.8,5e-05],[106571.19,0.0001],[106571.18,0.01356],[106570.08,0.30335],[106570.07,0.69005],[106570.0,0.00756],[106569.12,6e-05],[106569.1,5e-05],[106569.05,5e-05],[106568.98,0.31505]],"asks":[[106574.01,2.15945],[106574.02,0.0002],[106574.09,0.0001],[106574.42,5e-05],[106575.46,0.27459],[106575.47,0.0002],[106577.56,5e-05],[106579.34,0.00136],[106579.93,5e-05],[106580.0,5e-05],[106580.2,0.0001],[106580.21,0.56255],[106583.47,0.00255],[106583.5,0.0001],[106583.51,0.0913],[106583.81,0.0001],[106583.82,0.66959],[106583.83,5e-05],[106583.84,0.12999],[106583.85,0.00026]]},"raw":{}}
{"exchange":"binance","instance_id":"A","symbol":"BTC-USD","event_ts":1762205090.214,"seq":79648487234,"depth":{"last_seq":79648487234,"bids":[[106574.0,2.98724],[106573.99,0.0001],[106573.92,0.0001],[106573.82,0.0001],[106573.81,0.0161],[106573.8,0.01905],[106573.19,0.0001],[106573.18,0.00771],[106573.17,0.00948],[106572.84,5e-05],[106571.8,5e-05],[106571.19,0.0001],[106571.18,0.01356],[106570.08,0.30335],[106570.07,0.69005],[106570.0,0.00756],[106569.12,6e-05],[106569.1,5e-05],[106569.05,5e-05],[106568.98,5e-05]],"asks":[[106574.01,2.15955],[106574.02,0.00025],[106574.09,0.0001],[106574.42,5e-05],[106575.45,0.0001],[106575.46,0.16866],[106577.56,5e-05],[106579.34,0.00136],[106579.93,5e-05],[106580.0,5e-05],[106580.2,0.0001],[106580.21,0.56255],[106583.47,0.00255],[106583.5,0.0001],[106583.51,0.0913],[106583.81,0.0001],[106583.82,0.66959],[106583.83,5e-05],[106583.84,0.11604],[106583.85,0.00026]]},"raw":{}}
{"exchange":"binance","instance_id":"A","symbol":"BTC-USD","event_ts":1762205090.314,"seq":79648487333,"depth":{"last_seq":79648487333,"bids":[[106574.0,3.06667],[106573.99,0.0001],[106573.92,0.0001],[106573.81,0.01605],[106573.8,0.01905],[106573.18,0.00761],[106573.17,0.00948],[106572.84,5e-05],[106571.8,5e-05],[106571.18,0.01361],[106570.66,0.0025],[106570.08,0.20928],[106570.07,0.69005],[106570.0,0.00751],[106569.12,6e-05],[106569.1,5e-05],[106568.91,5e-05],[106568.67,0.00023],[106567.05,8e-05],[106566.39,0.00255]],"asks":[[106574.01,0.01428],[106574.02,0.0007],[106574.09,0.0001],[106574.42,5e-05],[106575.45,0.0001],[106575.46,0.0002],[106577.56,5e-05],[106579.34,0.00136],[106579.93,5e-05],[106580.0,5e-05],[106580.2,0.0001],[106580.21,0.00015],[106583.47,0.00255],[106583.5,0.0001],[106583.51,0.0001],[106583.81,0.0001],[106583.82,0.66959],[106583.83,5e-05],[106583.84,0.11414],[106583.85,0.00026]]},"raw":{}}
{"exchange":"binance","instance_id":"A","symbol":"BTC-USD","event_ts":1762205090.414,"seq":79648487732,"depth":{"last_seq":79648487732,"bids":[[106583.81,4.73924],[106583.73,0.0001],[106580.0,5e-05],[106579.93,5e-05],[106574.93,0.0025],[106574.42,5e-05],[106574.01,1.02245],[106574.0,0.50619],[106573.99,0.0001],[106573.81,0.0002],[106573.8,0.019],[106573.18,0.00761],[106573.17,0.00943],[106572.84,5e-05],[106571.8,5e-05],[106571.18,0.01366],[106570.66,0.0025],[106570.48,0.0001],[106570.08,0.20938],[106570.07,5e-05]],"asks":[[106583.82,1.44479],[106583.83,0.001],[106583.84,0.01388],[106583.85,0.00026],[106583.9,0.0001],[106583.99,5e-05],[106584.0,0.0012],[106584.93,0.0001],[106584.94,0.02821],[106585.96,0.00605],[106585.97,0.00188],[106586.0,0.0012],[106588.49,0.0001],[106588.5,0.17764],[106588.51,0.56245],[106589.15,0.17589],[106589.17,0.0015],[106590.0,0.00896],[106590.23,0.00568],[106591.73,0.014]]},"raw":{}}
{"exchange":"binance","instance_id":"A","symbol":"BTC-USD","event_ts":1762205090.514,"seq":79648487846,"depth":{"last_seq":79648487846,"bids":[[106583.81,4.73939],[106583.73,0.0001],[106580.0,5e-05],[106579.93,5e-05],[106574.93,0.0026],[106574.42,5e-05],[106574.02,0.47213],[106574.01,0.09145],[106574.0,0.50604],[106573.99,0.0001],[106573.8,0.019],[106573.18,0.00756],[106573.17,0.00943],[106571.8,5e-05],[106571.18,0.01366],[106570.66,0.0025],[106570.48,0.0001],[106570.08,5e-05],[106570.0,0.00756],[106569.12,6e-05]],"asks":[[106583.82,1.445],[106583.83,0.0006],[106583.84,0.01388],[106583.85,0.00031],[106583.9,0.0001],[106583.99,5e-05],[106584.0,0.00125],[106584.93,0.0001],[106584.94,5e-05],[106585.62,5e-05],[106585.96,5e-05],[106585.97,0.00188],[106586.0,0.0012],[106588.22,5e-05],[106588.49,0.0001],[106588.5,0.17764],[106588.51,0.56245],[106589.14,5e-05],[106589.15,0.17594],[106589.17,0.0015]]},"raw":{}}
{"exchange":"binance","instance_id":"A","symbol":"BTC-USD","event_ts":1762205090.614,"seq":79648487911,"depth":{"last_seq":79648487911,"bids":[[106583.81,4.52603],[106583.73,0.0001],[106580.0,5e-05],[106579.93,5e-05],[106574.93,0.00265],[106574.42,5e-05],[106574.03,0.33502],[106574.02,0.00025],[106574.01,0.0914],[106574.0,0.50604],[106573.99,0.0001],[106573.8,0.01895],[106573.18,0.00756],[106573.17,0.00943],[106571.8,5e-05],[106571.18,0.01361],[106570.66,0.0025],[106570.48,0.0001],[106570.0,0.00756],[106569.12,6e-05]],"asks":[[106583.82,2.33788],[106583.83,0.0005],[106583.84,0.01388],[106583.85,0.00031],[106583.9,0.0001],[106583.99,5e-05],[106584.0,0.00125],[106585.62,5e-05],[106585.97,0.00188],[106586.0,0.0012],[106588.22,5e-05],[106588.49,0.0001],[106588.5,0.17764],[106588.51,0.56245],[106589.14,0.0001],[106589.15,0.17594],[106589.17,0.0015],[106590.0,0.00896],[106590.23,0.00568],[106590.99,5e-05]]},"raw":{}}
{"exchange":"binance","instance_id":"A","symbol":"BTC-USD","event_ts":1762205090.714,"seq":79648487946,"depth":{"last_seq":79648487946,"bids":[[106583.81,4.52603],[106583.73,0.0001],[106580.0,5e-05],[106579.93,5e-05],[106574.93,0.00265],[106574.42,5e-05],[106574.04,0.29413],[106574.03,0.00015],[106574.02,0.0001],[106574.01,0.0914],[106574.0,0.50604],[106573.99,0.0001],[106573.8,0.01895],[106573.18,0.00756],[106573.17,0.00943],[106571.8,5e-05],[106571.18,0.01361],[106570.66,0.0025],[106570.48,0.0001],[106570.0,0.00756]],"asks":[[106583.82,2.37766],[106583.83,0.0005],[106583.84,0.01388],[106583.85,0.00031],[106583.9,0.0001],[106583.99,5e-05],[106584.0,0.00125],[106585.62,5e-05],[106585.97,0.00188],[106586.0,0.0012],[106588.22,5e-05],[106588.49,0.0001],[106588.5,0.17764],[106588.51,0.56245],[106589.14,0.0001],[106589.15,0.17594],[106589.17,0.0015],[106590.0,0.00896],[106590.23,0.00568],[106590.99,5e-05]]},"raw":{}}
{"exchange":"binance","instance_id":"A","symbol":"BTC-USD","event_ts":1762205090.814,"seq":79648487993,"depth":{"last_seq":79648487993,"bids":[[106583.81,4.52553],[106583.73,0.0001],[106580.0,5e-05],[106579.93,5e-05],[106574.93,0.00265],[106574.42,5e-05],[106574.05,0.25464],[106574.04,0.00015],[106574.02,0.0001],[106574.01,0.0914],[106574.0,0.50604],[106573.99,0.0001],[106573.8,0.01895],[106573.18,0.00756],[106573.17,0.00943],[106571.8,5e-05],[106571.18,0.01361],[106570.66,0.0025],[106570.48,0.0001],[106570.0,0.00756]],"asks":[[106583.82,2.37677],[106583.83,0.0005],[106583.84,0.01388],[106583.85,0.00031],[106583.9,0.0001],[106583.99,5e-05],[106584.0,0.00125],[106585.62,5e-05],[106585.97,0.00188],[106586.0,0.0012],[106588.22,5e-05],[106588.49,0.0001],[106588.5,0.17764],[106588.51,0.56245],[106589.14,0.0001],[106589.15,0.17594],[106589.17,0.0015],[106590.0,0.00896],[106590.23,0.00568],[106590.99,5e-05]]},"raw":{}}
{"exchange":"binance","instance_id":"A","symbol":"BTC-USD","event_ts":1762205090.914,"seq":79648488080,"depth":{"last_seq":79648488080,"bids":[[106583.81,2.46995],[106583.73,0.0001],[106580.0,5e-05],[106579.93,5e-05],[106574.93,0.00265],[106574.42,5e-05],[106574.06,0.0001],[106574.05,0.25469],[106574.02,0.0001],[106574.01,0.0914],[106574.0,0.50439],[106573.99,0.0001],[106573.8,0.01895],[106573.18,0.00756],[106573.17,0.00943],[106571.8,5e-05],[106571.18,0.01361],[106570.66,0.0025],[106570.48,0.0001],[106570.0,0.00761]],"asks":[[106583.82,2.88943],[106583.83,0.0003],[106583.84,0.01388],[106583.85,0.00031],[106583.9,0.0001],[106583.99,5e-05],[106584.0,0.00125],[106585.62,5e-05],[106585.97,0.00188],[106586.0,0.0012],[106588.22,5e-05],[106588.49,0.0001],[106588.5,0.17764],[106588.51,0.56245],[106589.14,0.0001],[106589.15,0.17594],[106589.17,0.0015],[106590.0,0.06896],[106590.23,0.00568],[106591.0,0.06105]]},"raw":{}}
{"exchange":"binance","instance_id":"A","symbol":"BTC-USD","event_ts":1762205091.014,"seq":79648488106,"depth":{"last_seq":79648488106,"bids":[[106583.81,2.38791],[106583.73,0.0001],[106580.0,5e-05],[106579.93,5e-05],[106574.93,0.00265],[106574.42,5e-05],[106574.06,0.0001],[106574.05,0.25469],[106574.02,0.0001],[106574.01,0.0914],[106574.0,0.50439],[106573.99,0.0001],[106573.8,0.01895],[106573.18,0.00756],[106573.17,0.00943],[106571.8,5e-05],[106571.18,0.01361],[106570.66,0.0025],[106570.48,0.0001],[106570.0,0.00761]],"asks":[[106583.82,2.88943],[106583.83,0.0003],[106583.84,0.01388],[106583.85,0.00031],[106583.9,0.0001],[106583.99,5e-05],[106584.0,0.00125],[106585.62,5e-05],[106585.97,0.00188],[106586.0,0.0012],[106588.22,5e-05],[106588.49,0.0001],[106588.5,0.33583],[106588.51,0.56245],[106588.81,0.30965],[106589.14,0.0001],[106589.15,0.17594],[106589.17,0.0015],[106590.0,0.06896],[106590.23,0.00568]]},"raw":{}}
{"exchange":"binance","instance_id":"A","symbol":"BTC-USD","event_ts":1762205091.114,"seq":79648488145,"depth":{"last_seq":79648488145,"bids":[[106583.81,2.38791],[106583.73,0.0001],[106583.29,0.06479],[106580.0,5e-05],[106579.93,5e-05],[106574.93,0.00265],[106574.42,5e-05],[106574.06,0.0001],[106574.05,0.25469],[106574.02,0.0001],[106574.01,0.0914],[106574.0,0.43786],[106573.99,0.0001],[106573.8,0.01895],[106573.18,0.00756],[106573.17,0.00943],[106571.8,5e-05],[106571.18,0.01361],[106570.66,0.0025],[106570.48,0.0001]],"asks":[[106583.82,2.96215],[106583.83,0.0003],[106583.84,0.01388],[106583.85,0.00031],[106583.9,0.0001],[106583.99,5e-05],[106584.0,0.00125],[106585.97,0.00188],[106586.0,0.0012],[106586.07,0.30966],[106586.69,5e-05],[106587.07,0.06603],[106588.49,0.0001],[106588.5,0.71324],[106588.51,0.56245],[106588.8,0.0001],[106588.81,5e-05],[106589.14,0.0001],[106589.15,0.17594],[106589.17,0.0015]]},"raw":{}}
{"exchange":"binance","instance_id":"A","symbol":"BTC-USD","event_ts":1762205091.214,"seq":79648488197,"depth":{"last_seq":79648488197,"bids":[[106583.81,2.30289],[106583.73,0.0001],[106583.3,0.0001],[106583.29,0.06494],[106580.0,5e-05],[106579.93,5e-05],[106574.93,0.00265],[106574.42,5e-05],[106574.06,0.0001],[106574.05,0.17373],[106574.02,0.0001],[106574.01,0.0914],[106574.0,0.43781],[106573.99,0.0001],[106573.8,0.01895],[106573.18,0.00756],[106573.17,0.00943],[106571.8,5e-05],[106571.18,0.01361],[106570.66,0.0025]],"asks":[[106583.82,2.96215],[106583.83,0.0003],[106583.84,0.01388],[106583.85,0.00031],[106583.9,0.0001],[106583.99,5e-05],[106584.0,0.00125],[106585.97,0.00188],[106586.0,0.0012],[106586.06,0.0001],[106586.07,0.30971],[106586.69,5e-05],[106587.06,0.0001],[106587.07,0.06608],[106588.49,0.0001],[106588.5,0.71324],[106588.51,0.56245],[106589.15,0.17594],[106589.17,0.0015],[106590.0,0.06896]]},"raw":{}}
{"exchange":"binance","instance_id":"A","symbol":"BTC-USD","event_ts":1762205091.314,"seq":79648488236,"depth":{"last_seq":79648488236,"bids":[[106583.81,2.30329],[106583.8,0.0004],[106583.73,0.0001],[106583.3,0.0001],[106583.29,0.06494],[106580.0,5e-05],[106579.93,5e-05],[106574.93,0.00265],[106574.42,5e-05],[106574.06,0.0001],[106574.05,0.17373],[106574.02,0.0001],[106574.01,0.0914],[106574.0,0.43781],[106573.99,0.0001],[106573.8,0.01895],[106573.18,0.00756],[106573.17,0.00943],[106571.8,5e-05],[106571.18,0.01361]],"asks":[[106583.82,2.9544],[106583.83,0.0003],[106583.84,0.01388],[106583.85,0.00031],[106583.9,0.0001],[106583.99,5e-05],[106584.0,0.00125],[106584.94,0.0001],[106585.97,0.00188],[106586.0,0.0012],[106586.06,0.0001],[106586.07,0.30971],[106586.69,5e-05],[106587.06,0.0001],[106587.07,0.06608],[106588.49,0.0001],[106588.5,0.71314],[106588.51,0.56245],[106589.15,0.17594],[106589.17,0.0015]]},"raw":{}}
{"exchange":"binance","instance_id":"A","symbol":"BTC-USD","event_ts":1762205091.415,"seq":79648488273,"depth":{"last_seq":79648488273,"bids":[[106583.81,2.30334],[106583.8,0.0005],[106583.73,0.0001],[106583.3,0.0001],[106583.29,0.06494],[106580.0,5e-05],[106579.93,5e-05],[106574.93,0.0026],[106574.42,5e-05],[106574.06,0.0001],[106574.05,0.17373],[106574.02,0.0001],[106574.01,0.09135],[106574.0,0.39768],[106573.99,0.0001],[106573.8,0.01895],[106573.18,0.00756],[106573.17,0.00943],[106571.8,5e-05],[106571.18,0.01361]],"asks":[[106583.82,2.9544],[106583.83,0.0003],[106583.84,0.01388],[106583.85,5e-05],[106583.9,0.0001],[106583.99,5e-05],[106584.0,0.00125],[106584.95,0.02816],[106585.97,0.00188],[106586.0,0.0012],[106586.06,0.0001],[106586.07,0.30971],[106586.69,5e-05],[106587.06,0.0001],[106587.07,5e-05],[106588.49,0.0001],[106588.5,0.71319],[106588.51,0.56245],[106589.15,0.17594],[106589.17,0.0015]]},"raw":{}}
{"exchange":"binance","instance_id":"A","symbol":"BTC-USD","event_ts":1762205091.514,"seq":79648488312,"depth":{"last_seq":79648488312,"bids":[[106583.81,2.30334],[106583.8,0.0005],[106583.73,0.0001],[106583.3,0.0001],[106583.29,0.06494],[106580.0,5e-05],[106579.93,5e-05],[106574.93,0.0026],[106574.42,5e-05],[106574.06,0.0001],[106574.05,0.17373],[106574.02,0.0001],[106574.01,0.09135],[106574.0,0.39768],[106573.99,0.0001],[106573.8,0.01895],[106573.18,0.00756],[106573.17,0.00943],[106571.8,5e-05],[106571.18,0.01361]],"asks":[[106583.82,2.95445],[106583.83,0.00035],[106583.84,0.01388],[106583.9,0.0001],[106583.99,5e-05],[106584.0,0.00125],[106584.94,0.0001],[106584.95,0.0001],[106584.99,0.02816],[106585.97,0.00188],[106586.0,0.0012],[106586.06,0.0001],[106586.07,0.30971],[106586.69,5e-05],[106588.49,0.0001],[106588.5,0.71319],[106588.51,0.56245],[106589.15,0.17594],[106589.17,0.0015],[106590.0,0.06896]]},"raw":{}}
{"exchange":"binance","instance_id":"A","symbol":"BTC-USD","event_ts":1762205091.614,"seq":79648488354,"depth":{"last_seq":79648488354,"bids":[[106583.81,2.25334],[106583.8,0.0005],[106583.73,0.0001],[106583.3,0.0001],[106583.29,0.06494],[106580.0,5e-05],[106579.93,5e-05],[106574.93,0.0026],[106574.42,5e-05],[106574.06,0.0001],[106574.05,0.17373],[106574.02,0.0001],[106574.01,0.09135],[106574.0,0.39768],[106573.99,0.0001],[106573.8,0.01895],[106573.18,0.00756],[106573.17,0.00943],[106571.8,5e-05],[106571.18,0.01361]],"asks":[[106583.82,2.95406],[106583.83,0.00035],[106583.84,0.01388],[106583.9,0.0001],[106583.99,5e-05],[106584.0,0.00125],[106584.98,0.0001],[106584.99,0.0001],[106585.04,0.02816],[106585.97,0.00188],[106586.0,0.0012],[106586.06,0.0001],[106586.07,0.30971],[106586.69,5e-05],[106588.49,0.0001],[106588.5,0.71319],[106588.51,0.56245],[106589.15,0.17594],[106589.17,0.0015],[106590.0,0.06896]]},"raw":{}}
{"exchange":"binance","instance_id":"A","symbol":"BTC-USD","event_ts":1762205091.714,"seq":79648488376,"depth":{"last_seq":79648488376,"bids":[[106583.81,2.25334],[106583.8,0.0005],[106583.73,0.0001],[106583.3,0.0001],[106583.29,0.06494],[106582.44,5e-05],[106580.0,5e-05],[106579.93,5e-05],[106574.93,0.0026],[106574.42,5e-05],[106574.06,0.0001],[106574.05,0.17373],[106574.02,0.0001],[106574.01,0.09135],[106574.0,0.39768],[106573.99,0.0001],[106573.8,0.01895],[106573.18,0.00756],[106573.17,0.00943],[106571.8,5e-05]],"asks":[[106583.82,2.95401],[106583.83,0.0003],[106583.84,0.01388],[106583.9,0.0001],[106583.99,5e-05],[106584.0,0.00125],[106585.03,0.0001],[106585.04,0.02826],[106585.97,0.00188],[106586.0,0.0012],[106586.06,0.0001],[106586.07,0.30971],[106586.69,5e-05],[106588.49,0.0001],[106588.5,0.71319],[106588.51,0.56245],[106589.15,0.17594],[106589.17,0.0015],[106590.0,0.06896],[106590.23,0.00568]]},"raw":{}}
{"exchange":"binance","instance_id":"A","symbol":"BTC-USD","event_ts":1762205091.814,"seq":79648488408,"depth":{"last_seq":79648488408,"bids":[[106583.81,2.25317],[106583.8,0.0005],[106583.73,0.0001],[106583.3,0.0001],[106583.29,0.06494],[106582.44,5e-05],[106582.22,0.00103],[106581.15,0.00206],[106580.0,5e-05],[106579.93,5e-05],[106574.93,0.0026],[106574.42,5e-05],[106574.06,0.0001],[106574.05,0.17373],[106574.02,0.0001],[106574.01,0.09135],[106574.0,0.39768],[106573.99,0.0001],[106573.8,0.01895],[106573.18,0.00756]],"asks":[[106583.82,2.95401],[106583.83,0.0003],[106583.84,0.01388],[106583.9,0.0001],[106583.99,5e-05],[106584.0,0.00125],[106585.03,0.0001],[106585.04,0.02826],[106585.97,0.00188],[106586.0,0.0012],[106586.06,0.0001],[106586.07,0.30971],[106586.48,0.00206],[106586.69,5e-05],[106588.49,0.0001],[106588.5,0.71319],[106588.51,0.56245],[106589.15,0.17594],[106589.17,0.0015],[106590.0,0.06896]]},"raw":{}}
{"exchange":"binance","instance_id":"A","symbol":"BTC-USD","event_ts":1762205091.914,"seq":79648488499,"depth":{"last_seq":79648488499,"bids":[[106583.81,2.25287],[106583.8,0.0002],[106583.73,0.0001],[106583.3,0.0001],[106583.29,0.06499],[106582.44,5e-05],[106582.22,0.00113],[106581.15,0.00211],[106580.0,5e-05],[106579.93,5e-05],[106574.93,0.00255],[106574.42,5e-05],[106574.06,0.0001],[106574.05,0.17368],[106574.02,0.0001],[106574.01,0.09135],[106574.0,0.39768],[106573.99,0.0001],[106573.8,0.01895],[106573.18,0.00756]],"asks":[[106583.82,1.86451],[106583.83,0.00055],[106583.84,0.01388],[106583.9,0.0001],[106583.99,5e-05],[106584.0,0.00125],[106585.03,0.0001],[106585.04,0.02826],[106585.97,0.00188],[106586.0,0.0012],[106586.06,0.0001],[106586.07,5e-05],[106586.48,0.00206],[106586.69,5e-05],[106588.49,0.0001],[106588.5,0.71319],[106588.51,0.56245],[106589.15,5e-05],[106589.17,0.0015],[106590.0,0.00896]]},"raw":{}}
{"exchange":"binance","instance_id":"A","symbol":"BTC-USD","event_ts":1762205092.014,"seq":79648488547,"depth":{"last_seq":79648488547,"bids":[[106583.81,2.25287],[106583.8,0.0001],[106583.73,0.0001],[106583.3,0.02048],[106583.29,0.06499],[106582.44,5e-05],[106582.22,0.00118],[106581.15,0.00211],[106580.0,5e-05],[106579.93,5e-05],[106574.93,0.0026],[106574.42,5e-05],[106574.06,0.0001],[106574.05,0.17368],[106574.02,0.0001],[106574.01,0.09135],[106574.0,0.39768],[106573.99,0.0001],[106573.8,0.01895],[106573.18,0.00756]],"asks":[[106583.82,1.75986],[106583.83,0.00055],[106583.84,0.01388],[106583.9,0.0001],[106583.99,5e-05],[106584.0,0.00125],[106585.03,0.0001],[106585.04,0.0001],[106585.05,0.02816],[106585.97,0.00188],[106586.0,0.0012],[106586.48,0.00206],[106586.69,5e-05],[106588.49,0.0001],[106588.5,0.71324],[106588.51,0.56245],[106589.17,0.0015],[106590.0,0.00896],[106590.23,0.00568],[106591.0,5e-05]]},"raw":{}}
{"exchange":"binance","instance_id":"A","symbol":"BTC-USD","event_ts":1762205092.114,"seq":79648488622,"depth":{"last_seq":79648488622,"bids":[[106583.81,2.33237],[106583.8,0.00015],[106583.73,0.0001],[106583.31,0.0001],[106583.3,0.02058],[106583.29,0.06499],[106582.44,5e-05],[106582.22,0.00113],[106581.15,0.00211],[106580.0,5e-05],[106579.93,5e-05],[106574.93,0.00255],[106574.42,5e-05],[106574.06,0.0001],[106574.05,0.17368],[106574.02,0.0001],[106574.01,0.09135],[106574.0,0.39768],[106573.99,0.0001],[106573.8,0.01895]],"asks":[[106583.82,2.46099],[106583.83,0.0005],[106583.84,0.01388],[106583.9,0.0001],[106583.99,5e-05],[106584.0,0.00125],[106585.04,0.0001],[106585.05,0.0001],[106585.97,0.00188],[106586.0,0.0012],[106586.48,0.00206],[106586.69,5e-05],[106588.49,0.0001],[106588.5,0.71324],[106588.51,0.56245],[106589.17,0.0015],[106590.0,0.00896],[106590.23,0.00568],[106591.53,5e-05],[106591.54,1.31359]]},"raw":{}}
{"exchange":"binance","instance_id":"A","symbol":"BTC-USD","event_ts":1762205092.214,"seq":79648488668,"depth":{"last_seq":79648488668,"bids":[[106583.81,2.33247],[106583.8,0.00015],[106583.73,0.0001],[106583.31,0.0001],[106583.3,0.02058],[106583.29,0.06499],[106582.44,5e-05],[106582.22,0.00113],[106581.15,0.00211],[106580.0,5e-05],[106579.93,5e-05],[106579.7,5e-05],[106574.93,0.00255],[106574.42,5e-05],[106574.06,0.0001],[106574.05,0.17368],[106574.02,0.0001],[106574.01,0.09135],[106574.0,0.39768],[106573.99,0.0001]],"asks":[[106583.82,2.46199],[106583.83,0.0005],[106583.84,0.01393],[106583.9,0.0001],[106583.99,5e-05],[106584.0,0.00125],[106585.1,0.02816],[106585.97,0.00193],[106586.0,0.0012],[106586.48,0.00206],[106586.69,5e-05],[106588.49,0.0001],[106588.5,0.71329],[106588.51,0.5625],[106589.17,0.0015],[106590.0,0.00896],[106590.23,0.00568],[106591.53,0.0001],[106591.54,1.31364],[106591.6,0.01864]]},"raw":{}}
{"exchange":"binance","instance_id":"A","symbol":"BTC-USD","event_ts":1762205092.314,"seq":79648488741,"depth":{"last_seq":79648488741,"bids":[[106583.81,2.31872],[106583.8,0.00015],[106583.73,0.0001],[106583.31,0.0001],[106583.3,0.0002],[106583.29,0.06499],[106582.44,5e-05],[106582.22,0.00113],[106581.37,5e-05],[106581.15,0.00211],[106580.0,5e-05],[106579.93,5e-05],[106579.7,5e-05],[106574.93,0.00255],[106574.42,5e-05],[106574.06,0.0001],[106574.05,0.17368],[106574.02,0.0001],[106574.01,0.09135],[106574.0,0.39768]],"asks":[[106583.82,2.88099],[106583.83,0.00035],[106583.84,0.01388],[106583.9,0.0001],[106583.99,5e-05],[106584.0,0.00125],[106585.09,0.0001],[106585.1,0.02826],[106585.97,0.00188],[106586.0,0.0012],[106586.48,0.00206],[106586.69,5e-05],[106587.45,0.06349],[106588.49,0.0001],[106588.5,0.71329],[106588.51,0.5625],[106589.17,0.0015],[106590.0,0.00896],[106590.23,0.00568],[106591.0,0.061]]},"raw":{}}
{"exchange":"binance","instance_id":"A","symbol":"BTC-USD","event_ts":1762205092.414,"seq":79648488842,"depth":{"last_seq":79648488842,"bids":[[106583.81,0.36175],[106583.8,0.0004],[106583.73,0.0001],[106583.3,0.0001],[106583.29,0.0002],[106582.44,5e-05],[106582.22,0.00118],[106581.37,5e-05],[106581.15,0.00211],[106580.0,5e-05],[106579.93,5e-05],[106579.7,5e-05],[106574.93,0.0001],[106574.42,5e-05],[106574.06,0.0001],[106574.05,5e-05],[106574.02,0.0001],[106574.01,0.00015],[106574.0,0.08268],[106573.99,0.0001]],"asks":[[106583.82,3.2639],[106583.83,0.0001],[106583.84,0.01388],[106583.9,0.0001],[106583.99,5e-05],[106584.0,0.00125],[106585.1,0.02826],[106585.97,0.00188],[106586.0,0.0012],[106586.48,0.00206],[106586.69,5e-05],[106587.45,0.06354],[106587.74,0.0025],[106588.5,0.71319],[106588.51,0.56245],[106589.15,0.17589],[106589.17,0.0015],[106590.0,0.06896],[106590.23,0.00568],[106591.0,0.06105]]},"raw":{}}
{"exchange":"binance","instance_id":"A","symbol":"BTC-USD","event_ts":1762205092.514,"seq":79648488922,"depth":{"last_seq":79648488922,"bids":[[106583.81,0.42455],[106583.8,0.0004],[106583.73,0.0001],[106583.29,5e-05],[106582.44,5e-05],[106582.22,0.00118],[106581.37,5e-05],[106581.15,0.00216],[106580.0,5e-05],[106579.93,5e-05],[106579.7,5e-05],[106578.76,0.06422],[106575.24,0.30969],[106574.42,5e-05],[106574.01,0.0001],[106574.0,0.08081],[106573.99,0.0001],[106573.81,0.0001],[106573.8,0.01911],[106573.18,0.00766]],"asks":[[106583.82,3.27977],[106583.84,0.01388],[106583.9,0.0001],[106583.99,5e-05],[106584.0,0.0013],[106585.1,0.02826],[106585.97,0.00193],[106586.0,0.0012],[106586.48,0.00206],[106586.69,5e-05],[106587.45,0.06354],[106587.74,0.0025],[106588.5,0.71319],[106588.51,0.56245],[106589.15,0.17594],[106589.17,0.0015],[106590.0,0.06896],[106590.23,0.00568],[106591.0,0.06105],[106591.54,1.31354]]},"raw":{}}
{"exchange":"binance","instance_id":"A","symbol":"BTC-USD","event_ts":1762205092.614,"seq":79648488967,"depth":{"last_seq":79648488967,"bids":[[106583.81,0.34677],[106583.8,0.0004],[106583.73,0.0001],[106583.29,5e-05],[106582.44,5e-05],[106582.22,0.00118],[106581.37,5e-05],[106581.15,0.00221],[106580.0,5e-05],[106579.93,5e-05],[106579.7,5e-05],[106578.77,0.0001],[106578.76,0.06432],[106575.25,0.0001],[106575.24,0.30969],[106574.42,5e-05],[106574.01,0.0001],[106574.0,0.08081],[106573.99,0.0001],[106573.8,0.01911]],"asks":[[106583.82,3.4273],[106583.84,0.01388],[106583.9,0.0001],[106583.99,5e-05],[106584.0,0.0013],[106585.1,0.02826],[106585.97,0.00193],[106586.0,0.0012],[106586.48,0.00206],[106586.69,5e-05],[106587.45,0.06354],[106587.52,0.07104],[106587.74,0.0025],[106588.5,0.71319],[106588.51,0.56245],[106589.15,0.17594],[106589.17,0.0015],[106590.0,0.06896],[106590.23,0.00568],[106591.0,0.06105]]},"raw":{}}
{"exchange":"binance","instance_id":"A","symbol":"BTC-USD","event_ts":1762205092.714,"seq":79648488977,"depth":{"last_seq":79648488977,"bids":[[106583.81,0.34583],[106583.8,0.0004],[106583.73,0.0001],[106583.29,5e-05],[106582.44,5e-05],[106582.22,0.00118],[106581.37,5e-05],[106581.15,0.00221],[106580.0,5e-05],[106579.93,5e-05],[106579.7,5e-05],[106578.77,0.0001],[106578.76,0.06432],[106575.25,0.0001],[106575.24,0.30969],[106574.42,5e-05],[106574.01,0.0001],[106574.0,0.08081],[106573.99,0.0001],[106573.8,0.01911]],"asks":[[106583.82,3.42725],[106583.84,0.01388],[106583.9,0.0001],[106583.99,5e-05],[106584.0,0.0013],[106585.1,0.02826],[106585.97,0.00193],[106586.0,0.0012],[106586.48,0.00206],[106586.69,5e-05],[106587.45,0.06354],[106587.52,0.07109],[106587.74,0.0025],[106588.5,0.71314],[106588.51,0.56245],[106589.15,0.17594],[106589.17,0.0015],[106590.0,0.06896],[106590.23,0.00568],[106591.0,0.061]]},"raw":{}}
{"exchange":"binance","instance_id":"A","symbol":"BTC-USD","event_ts":1762205092.814,"seq":79648489017,"depth":{"last_seq":79648489017,"bids":[[106583.81,1.11064],[106583.8,0.0004],[106583.73,0.0001],[106583.29,5e-05],[106582.22,0.00118],[106581.37,5e-05],[106581.15,0.00221],[106580.0,5e-05],[106579.93,5e-05],[106578.77,0.0001],[106578.76,0.06432],[106575.25,0.0001],[106574.42,5e-05],[106574.01,0.0001],[106574.0,0.08081],[106573.99,0.0001],[106573.8,0.01911],[106573.18,0.00756],[106573.17,0.00943],[106573.15,0.315]],"asks":[[106583.82,3.21393],[106583.83,0.0001],[106583.84,0.01393],[106583.9,0.0001],[106583.99,5e-05],[106584.0,0.0013],[106585.09,0.0001],[106585.1,0.02826],[106585.62,5e-05],[106585.97,0.00193],[106586.0,0.0012],[106586.48,0.00206],[106586.69,5e-05],[106587.35,0.30966],[106587.44,0.0001],[106587.45,0.06354],[106587.51,0.0001],[106587.52,0.07109],[106587.74,0.0025],[106588.49,5e-05]]},"raw":{}}
{"exchange":"binance","instance_id":"A","symbol":"BTC-USD","event_ts":1762205092.914,"seq":79648489105,"depth":{"last_seq":79648489105,"bids":[[106583.81,0.30702],[106583.8,0.0004],[106583.73,0.0001],[106583.29,5e-05],[106582.22,0.00118],[106581.37,5e-05],[106581.15,0.00221],[106580.33,0.30968],[106580.0,5e-05],[106579.93,5e-05],[106578.77,0.0001],[106578.76,0.06432],[106574.42,5e-05],[106574.01,0.0001],[106574.0,0.08081],[106573.99,0.0001],[106573.81,0.109],[106573.8,0.01911],[106573.18,0.00756],[106573.17,0.00943]],"asks":[[106583.82,3.21388],[106583.84,0.01393],[106583.9,0.0001],[106583.99,5e-05],[106584.0,0.0013],[106584.83,0.30966],[106585.1,0.02826],[106585.62,5e-05],[106585.97,0.00198],[106586.0,0.0012],[106586.48,0.00206],[106586.69,5e-05],[106587.35,5e-05],[106587.45,0.06354],[106587.52,0.07109],[106587.74,0.0025],[106588.5,0.71314],[106588.51,0.56245],[106589.15,0.17594],[106589.17,0.0015]]},"raw":{}}
{"exchange":"binance","instance_id":"A","symbol":"BTC-USD","event_ts":1762205093.014,"seq":79648489177,"depth":{"last_seq":79648489177,"bids":[[106583.81,0.0764],[106583.8,0.00045],[106583.73,0.0001],[106583.29,5e-05],[106582.48,0.0001],[106582.36,0.0001],[106582.22,0.00118],[106581.37,5e-05],[106581.15,0.00221],[106580.34,0.0001],[106580.33,0.30978],[106580.0,5e-05],[106579.93,5e-05],[106578.77,0.0001],[106578.76,0.06427],[106574.42,5e-05],[106574.01,0.0717],[106574.0,0.08086],[106573.99,0.0001],[106573.82,0.0001]],"asks":[[106583.82,3.21392],[106583.84,0.01393],[106583.9,0.0001],[106583.99,5e-05],[106584.0,0.0013],[106584.82,0.5624],[106584.83,0.30981],[106585.1,0.02831],[106585.62,5e-05],[106585.97,0.00188],[106586.0,0.0012],[106586.48,0.00206],[106586.69,5e-05],[106587.45,0.06354],[106587.52,0.07109],[106587.74,0.0025],[106588.5,0.71314],[106588.51,0.56245],[106589.15,0.17594],[106589.17,0.0015]]},"raw":{}}
{"exchange":"binance","instance_id":"A","symbol":"BTC-USD","event_ts":1762205093.114,"seq":79648489220,"depth":{"last_seq":79648489220,"bids":[[106583.81,0.00691],[106583.8,0.0004],[106583.73,0.0001],[106583.29,5e-05],[106582.48,0.0001],[106582.36,0.0001],[106582.22,0.00118],[106582.06,0.0001],[106581.37,5e-05],[106581.15,0.00221],[106580.34,0.0001],[106580.33,0.30978],[106580.0,5e-05],[106579.93,5e-05],[106578.77,0.0001],[106578.76,0.06432],[106574.42,5e-05],[106574.02,0.0001],[106574.01,0.03921],[106574.0,0.08081]],"asks":[[106583.82,3.21392],[106583.84,0.01393],[106583.9,0.0001],[106583.99,5e-05],[106584.0,0.0013],[106584.82,0.56255],[106584.83,0.30981],[106585.1,0.02826],[106585.62,5e-05],[106585.97,0.00188],[106586.0,0.0012],[106586.48,0.00206],[106586.69,5e-05],[106587.45,0.06354],[106587.52,0.07109],[106587.74,0.0025],[106588.5,0.71314],[106588.51,0.56245],[106589.15,0.17594],[106589.17,0.0015]]},"raw":{}}
{"exchange":"binance","instance_id":"A","symbol":"BTC-USD","event_ts":1762205093.214,"seq":79648489448,"depth":{"last_seq":79648489448,"bids":[[106580.33,1.05391],[106580.32,0.0004],[106580.26,0.0001],[106580.0,5e-05],[106579.93,5e-05],[106578.77,0.0001],[106578.76,0.06442],[106577.82,0.30968],[106574.42,5e-05],[106574.02,0.0001],[106574.01,0.03936],[106574.0,0.00105],[106573.99,0.0001],[106573.81,0.0001],[106573.8,0.01911],[106573.18,0.00756],[106573.17,0.00943],[106571.8,5e-05],[106571.19,5e-05],[106571.18,0.01356]],"asks":[[106580.34,5.38458],[106580.35,0.5624],[106580.42,0.0001],[106580.6,0.07104],[106580.89,0.30968],[106582.73,1.31354],[106583.81,2.43071],[106583.82,0.01922],[106583.84,0.01393],[106583.99,5e-05],[106584.0,0.00125],[106584.81,0.0001],[106584.82,0.56255],[106584.83,0.0001],[106585.1,0.02821],[106585.62,5e-05],[106585.97,0.00188],[106586.0,0.0012],[106586.48,0.00206],[106586.69,5e-05]]},"raw":{}}
{"exchange":"binance","instance_id":"A","symbol":"BTC-USD","event_ts":1762205093.314,"seq":79648489559,"depth":{"last_seq":79648489559,"bids":[[106580.33,1.05505],[106580.32,0.00055],[106580.26,0.0001],[106580.0,5e-05],[106579.93,5e-05],[106578.77,0.0001],[106578.76,0.06442],[106578.17,5e-05],[106577.83,0.0001],[106577.82,0.30978],[106574.42,5e-05],[106574.02,0.0001],[106574.01,0.01538],[106574.0,0.001],[106573.99,0.0001],[106573.81,0.0001],[106573.8,0.01911],[106573.18,0.00756],[106573.17,0.00943],[106572.34,6e-05]],"asks":[[106580.34,5.38505],[106580.35,0.56265],[106580.42,0.0001],[106580.59,0.0001],[106580.6,0.07119],[106580.88,0.0001],[106580.89,0.30978],[106582.28,0.06522],[106582.72,1.30539],[106582.73,1.31364],[106583.81,0.77605],[106583.82,0.01883],[106583.84,0.01378],[106583.99,5e-05],[106584.0,0.0012],[106584.81,5e-05],[106584.82,0.56245],[106585.1,0.02816],[106585.97,0.00188],[106586.0,0.0012]]},"raw":{}}
{"exchange":"binance","instance_id":"A","symbol":"BTC-USD","event_ts":1762205093.414,"seq":79648489592,"depth":{"last_seq":79648489592,"bids":[[106580.33,1.12844],[106580.32,0.0006],[106580.26,0.0001],[106580.0,5e-05],[106579.93,5e-05],[106578.77,0.0001],[106578.76,0.06442],[106578.17,5e-05],[106577.83,0.0001],[106577.82,0.30978],[106574.42,5e-05],[106574.01,0.01538],[106574.0,0.001],[106573.99,0.0001],[106573.81,0.0001],[106573.8,0.01911],[106573.18,0.00756],[106573.17,0.00943],[106572.34,6e-05],[106571.8,5e-05]],"asks":[[106580.34,5.38515],[106580.35,0.56265],[106580.42,0.0001],[106580.59,0.0001],[106580.6,0.07119],[106580.88,0.0001],[106580.89,0.30978],[106582.27,0.0001],[106582.28,0.0001],[106582.72,0.81123],[106582.73,1.31359],[106583.81,0.77605],[106583.82,0.01883],[106583.84,0.01378],[106583.99,5e-05],[106584.0,0.0012],[106584.82,0.5624],[106585.1,0.02816],[106585.97,0.00188],[106586.0,0.0012]]},"raw":{}}
{"exchange":"binance","instance_id":"A","symbol":"BTC-USD","event_ts":1762205093.514,"seq":79648489613,"depth":{"last_seq":79648489613,"bids":[[106580.33,1.22639],[106580.32,0.00355],[106580.26,0.0001],[106580.0,5e-05],[106579.93,5e-05],[106578.77,0.0001],[106578.76,0.06442],[106578.17,5e-05],[106577.83,0.0001],[106577.82,0.30978],[106574.42,5e-05],[106574.01,0.01538],[106574.0,0.001],[106573.99,0.0001],[106573.81,0.0001],[106573.8,0.01911],[106573.18,0.00756],[106573.17,0.00943],[106572.34,6e-05],[106571.8,5e-05]],"asks":[[106580.34,5.38146],[106580.35,0.56265],[106580.42,0.0001],[106580.59,0.0001],[106580.6,0.00015],[106580.88,0.0001],[106580.89,0.30978],[106582.71,0.0001],[106582.72,0.57958],[106582.73,1.31359],[106583.81,0.77605],[106583.82,0.01883],[106583.84,0.01378],[106583.99,5e-05],[106584.0,0.0012],[106584.82,0.56245],[106585.1,0.02816],[106585.97,0.00188],[106586.0,0.0012],[106586.48,0.00206]]},"raw":{}}
{"exchange":"binance","instance_id":"A","symbol":"BTC-USD","event_ts":1762205093.614,"seq":79648489637,"depth":{"last_seq":79648489637,"bids":[[106580.33,1.22845],[106580.32,0.0036],[106580.26,0.0001],[106580.0,5e-05],[106579.93,5e-05],[106578.77,0.0001],[106578.76,0.06442],[106578.17,5e-05],[106577.83,0.0001],[106577.82,0.30978],[106574.42,5e-05],[106574.01,0.01538],[106574.0,0.001],[106573.99,0.0001],[106573.81,0.0001],[106573.8,0.01911],[106573.18,0.00756],[106573.17,0.00943],[106572.34,6e-05],[106571.8,5e-05]],"asks":[[106580.34,5.48916],[106580.35,0.56265],[106580.42,0.0001],[106580.88,0.0001],[106580.89,0.30983],[106582.71,0.0001],[106582.72,0.57963],[106582.73,1.31364],[106583.8,5e-05],[106583.81,0.00055],[106583.82,0.01883],[106583.84,0.01378],[106583.99,5e-05],[106584.0,0.0012],[106584.82,0.56245],[106585.1,0.02821],[106585.97,0.00188],[106586.0,0.0012],[106586.48,0.00206],[106587.52,0.07104]]},"raw":{}}
{"exchange":"binance","instance_id":"A","symbol":"BTC-USD","event_ts":1762205093.714,"seq":79648489658,"depth":{"last_seq":79648489658,"bids":[[106580.33,1.22823],[106580.32,0.0036],[106580.26,0.0001],[106580.0,5e-05],[106579.93,5e-05],[106578.77,0.0001],[106578.76,0.06442],[106578.17,5e-05],[106577.83,0.0001],[106577.82,0.30978],[106574.42,5e-05],[106574.01,0.01538],[106574.0,0.001],[106573.99,0.0001],[106573.81,0.0001],[106573.8,0.01911],[106573.18,0.00756],[106573.17,0.00943],[106572.34,6e-05],[106571.8,5e-05]],"asks":[[106580.34,5.49022],[106580.35,0.56265],[106580.42,0.0001],[106580.88,0.0001],[106580.89,0.30983],[106582.47,0.00188],[106582.71,0.0001],[106582.72,0.57963],[106582.73,1.31364],[106583.81,0.0005],[106583.82,0.01764],[106583.84,0.01378],[106583.99,5e-05],[106584.0,0.0012],[106584.81,5e-05],[106584.82,0.56245],[106585.1,0.02821],[106585.97,0.00188],[106586.0,0.0012],[106586.48,0.00206]]},"raw":{}}
{"exchange":"binance","instance_id":"A","symbol":"BTC-USD","event_ts":1762205093.815,"seq":79648489673,"depth":{"last_seq":79648489673,"bids":[[106580.33,1.22784],[106580.32,0.0036],[106580.26,0.0001],[106580.0,5e-05],[106579.93,5e-05],[106578.77,0.0001],[106578.76,0.06442],[106578.17,5e-05],[106577.83,0.0001],[106577.82,0.30978],[106574.42,5e-05],[106574.01,0.01538],[106574.0,0.001],[106573.99,0.0001],[106573.81,0.0001],[106573.8,0.01911],[106573.18,0.00756],[106573.17,0.00943],[106572.34,6e-05],[106571.8,5e-05]],"asks":[[106580.34,5.49042],[106580.35,0.56265],[106580.42,0.0001],[106580.88,0.0001],[106580.89,0.30983],[106582.47,0.00193],[106582.71,0.0001],[106582.72,0.57963],[106582.73,1.31359],[106583.49,5e-05],[106583.81,0.0005],[106583.82,0.01764],[106583.84,0.01378],[106583.99,5e-05],[106584.0,0.0012],[106584.81,5e-05],[106584.82,0.56245],[106585.1,0.02821],[106585.97,0.00188],[106586.0,0.0012]]},"raw":{}}
{"exchange":"binance","instance_id":"A","symbol":"BTC-USD","event_ts":1762205093.914,"seq":79648489676,"depth":{"last_seq":79648489676,"bids":[[106580.33,1.22767],[106580.32,0.0036],[106580.26,0.0001],[106580.0,5e-05],[106579.93,5e-05],[106578.77,0.0001],[106578.76,0.06442],[106578.17,5e-05],[106577.83,0.0001],[106577.82,0.30978],[106574.42,5e-05],[106574.01,0.01538],[106574.0,0.001],[106573.99,0.0001],[106573.81,0.0001],[106573.8,0.01911],[106573.18,0.00756],[106573.17,0.00943],[106572.34,6e-05],[106571.8,5e-05]],"asks":[[106580.34,5.49042],[106580.35,0.56265],[106580.42,0.0001],[106580.88,0.0001],[106580.89,0.30983],[106582.47,0.00193],[106582.71,0.0001],[106582.72,0.57963],[106582.73,1.31359],[106583.49,5e-05],[106583.81,0.0005],[106583.82,0.01764],[106583.84,0.01378],[106583.99,5e-05],[106584.0,0.0012],[106584.81,5e-05],[106584.82,0.56245],[106585.1,0.02821],[106585.97,0.00188],[106586.0,0.0012]]},"raw":{}}
{"exchange":"binance","instance_id":"A","symbol":"BTC-USD","event_ts":1762205094.014,"seq":79648489711,"depth":{"last_seq":79648489711,"bids":[[106580.33,1.7863],[106580.32,0.00365],[106580.26,0.0001],[106580.0,5e-05],[106579.93,5e-05],[106578.77,0.0001],[106578.76,0.06447],[106578.17,5e-05],[106577.83,0.09257],[106577.82,0.0001],[106574.42,5e-05],[106574.01,0.01538],[106574.0,0.001],[106573.99,0.0001],[106573.81,0.0001],[106573.8,0.01911],[106573.18,0.00756],[106573.17,0.00943],[106572.34,6e-05],[106571.8,5e-05]],"asks":[[106580.34,5.49052],[106580.35,0.5628],[106580.42,0.0001],[106580.88,0.0001],[106580.89,0.0002],[106582.47,0.00193],[106582.71,0.0001],[106582.72,0.57968],[106582.73,1.31364],[106583.49,5e-05],[106583.81,0.0005],[106583.82,0.01764],[106583.84,0.01378],[106583.99,5e-05],[106584.0,0.0012],[106584.81,5e-05],[106584.82,0.56245],[106585.1,0.02821],[106585.97,0.00188],[106586.0,0.0012]]},"raw":{}}
{"exchange":"binance","instance_id":"A","symbol":"BTC-USD","event_ts":1762205094.114,"seq":79648489765,"depth":{"last_seq":79648489765,"bids":[[106580.33,1.8364],[106580.32,0.00365],[106580.26,0.0001],[106580.0,5e-05],[106579.93,5e-05],[106578.77,0.0001],[106578.76,0.06447],[106578.17,5e-05],[106577.84,0.0001],[106577.83,0.0001],[106574.42,5e-05],[106574.02,0.0001],[106574.01,0.01538],[106574.0,0.001],[106573.99,0.0001],[106573.81,0.0001],[106573.8,0.01911],[106573.18,0.00756],[106573.17,0.00943],[106572.34,6e-05]],"asks":[[106580.34,5.27765],[106580.35,0.5627],[106580.42,0.0001],[106582.47,0.00198],[106582.71,0.0001],[106582.72,0.57968],[106582.73,1.31369],[106583.49,5e-05],[106583.81,0.0005],[106583.82,0.01764],[106583.84,0.01378],[106583.99,5e-05],[106584.0,0.0012],[106584.81,0.0001],[106584.82,0.56245],[106585.1,0.02821],[106585.97,0.00188],[106586.0,0.0012],[106586.48,0.00206],[106587.52,0.07109]]},"raw":{}}
{"exchange":"binance","instance_id":"A","symbol":"BTC-USD","event_ts":1762205094.214,"seq":79648489790,"depth":{"last_seq":79648489790,"bids":[[106580.33,2.21519],[106580.32,0.0036],[106580.26,0.0001],[106580.0,5e-05],[106579.93,5e-05],[106578.77,0.0001],[106578.76,0.06442],[106578.17,5e-05],[106574.42,5e-05],[106574.02,0.0001],[106574.01,0.01538],[106574.0,0.00105],[106573.99,0.0001],[106573.81,0.0001],[106573.8,0.01911],[106573.18,0.00766],[106573.17,0.00943],[106572.34,6e-05],[106571.8,5e-05],[106571.19,5e-05]],"asks":[[106580.34,5.27765],[106580.35,0.5627],[106580.42,0.0001],[106582.47,0.00198],[106582.71,0.0001],[106582.72,0.57968],[106582.73,1.31369],[106583.49,5e-05],[106583.81,0.0005],[106583.82,0.00369],[106583.84,0.01378],[106583.99,5e-05],[106584.0,0.0012],[106584.81,0.0001],[106584.82,0.56245],[106585.1,0.02821],[106585.97,0.00188],[106586.0,0.0012],[106586.48,0.00206],[106587.52,0.07109]]},"raw":{}}
{"exchange":"binance","instance_id":"A","symbol":"BTC-USD","event_ts":1762205094.314,"seq":79648489810,"depth":{"last_seq":79648489810,"bids":[[106580.33,2.21516],[106580.32,0.0036],[106580.26,0.0001],[106580.0,5e-05],[106579.93,5e-05],[106578.77,0.0001],[106578.76,0.06442],[106578.17,5e-05],[106574.42,5e-05],[106574.02,0.0001],[106574.01,0.01538],[106574.0,0.00105],[106573.99,0.0001],[106573.81,0.0001],[106573.8,0.01911],[106573.18,0.00766],[106573.17,0.00943],[106572.34,6e-05],[106571.8,5e-05],[106571.19,5e-05]],"asks":[[106580.34,5.2777],[106580.35,0.56275],[106580.42,0.0001],[106582.47,0.00198],[106582.71,0.0001],[106582.72,0.57968],[106582.73,1.31369],[106583.49,5e-05],[106583.81,0.0005],[106583.82,0.00364],[106583.84,0.01383],[106583.99,5e-05],[106584.0,0.0012],[106584.81,0.0001],[106584.82,0.56245],[106585.1,0.02821],[106585.97,0.00188],[106586.0,0.0012],[106586.48,0.00206],[106587.52,0.07109]]},"raw":{}}
{"exchange":"binance","instance_id":"A","symbol":"BTC-USD","event_ts":1762205094.414,"seq":79648489814,"depth":{"last_seq":79648489814,"bids":[[106580.33,2.21516],[106580.32,0.0036],[106580.26,0.0001],[106580.0,5e-05],[106579.93,5e-05],[106578.77,0.0001],[106578.76,0.06442],[106578.17,5e-05],[106574.42,5e-05],[106574.02,0.0001],[106574.01,0.01538],[106574.0,0.00105],[106573.99,0.0001],[106573.81,0.0001],[106573.8,0.01911],[106573.18,0.00766],[106573.17,0.00943],[106572.34,6e-05],[106571.8,5e-05],[106571.19,5e-05]],"asks":[[106580.34,5.27659],[106580.35,0.56275],[106580.42,0.0001],[106582.47,0.00198],[106582.71,0.0001],[106582.72,0.57968],[106582.73,1.31369],[106583.49,5e-05],[106583.81,0.0005],[106583.82,0.00364],[106583.84,0.01383],[106583.99,5e-05],[106584.0,0.0012],[106584.81,0.0001],[106584.82,0.56245],[106585.1,0.02821],[106585.97,0.00188],[106586.0,0.0012],[106586.48,0.00206],[106587.52,0.07109]]},"raw":{}}
{"exchange":"binance","instance_id":"A","symbol":"BTC-USD","event_ts":1762205094.514,"seq":79648489822,"depth":{"last_seq":79648489822,"bids":[[106580.33,2.29491],[106580.32,0.0036],[106580.26,0.0001],[106580.0,5e-05],[106579.93,5e-05],[106578.77,0.0001],[106578.76,0.06447],[106578.17,5e-05],[106574.42,5e-05],[106574.02,0.0001],[106574.01,0.01543],[106574.0,0.00105],[106573.99,0.0001],[106573.81,0.0001],[106573.8,0.01916],[106573.18,0.00766],[106573.17,0.00943],[106572.34,6e-05],[106571.8,5e-05],[106571.19,5e-05]],"asks":[[106580.34,5.27772],[106580.35,0.56275],[106580.42,0.0001],[106582.47,0.00198],[106582.71,0.0001],[106582.72,0.57968],[106582.73,1.31369],[106583.49,5e-05],[106583.81,0.0005],[106583.82,0.00364],[106583.84,0.01383],[106583.99,5e-05],[106584.0,0.0012],[106584.81,0.0001],[106584.82,0.56245],[106585.1,0.02821],[106585.22,0.06346],[106585.97,0.00188],[106586.0,0.0012],[106586.48,0.00206]]},"raw":{}}
{"exchange":"binance","instance_id":"A","symbol":"BTC-USD","event_ts":1762205094.614,"seq":79648489837,"depth":{"last_seq":79648489837,"bids":[[106580.33,2.98036],[106580.32,0.00355],[106580.26,0.0001],[106580.0,5e-05],[106579.93,5e-05],[106578.77,0.0001],[106578.76,0.06447],[106578.17,5e-05],[106574.42,5e-05],[106574.02,0.0001],[106574.01,0.01543],[106574.0,0.00105],[106573.99,0.0001],[106573.81,0.0001],[106573.8,0.01916],[106573.18,0.00766],[106573.17,0.00943],[106572.34,6e-05],[106571.8,5e-05],[106571.19,5e-05]],"asks":[[106580.34,5.27777],[106580.35,0.5628],[106580.42,0.0001],[106582.47,0.00198],[106582.71,0.0001],[106582.72,0.57968],[106582.73,1.31369],[106583.49,5e-05],[106583.81,0.0005],[106583.82,0.00457],[106583.84,0.01383],[106583.99,5e-05],[106584.0,0.0012],[106584.81,0.00086],[106584.82,0.56245],[106585.1,0.02821],[106585.22,0.06351],[106585.97,0.00188],[106586.0,0.0012],[106586.48,0.00206]]},"raw":{}}
{"exchange":"binance","instance_id":"A","symbol":"BTC-USD","event_ts":1762205094.714,"seq":79648489862,"depth":{"last_seq":79648489862,"bids":[[106580.33,2.97986],[106580.32,0.00355],[106580.26,0.0001],[106580.0,5e-05],[106579.93,5e-05],[106578.77,0.01936],[106578.76,0.06447],[106578.17,5e-05],[106574.42,5e-05],[106574.02,0.0001],[106574.01,0.01543],[106574.0,0.00105],[106573.99,0.0001],[106573.81,0.0001],[106573.8,0.01916],[106573.18,0.00766],[106573.17,0.00943],[106572.34,6e-05],[106571.8,5e-05],[106571.19,5e-05]],"asks":[[106580.34,4.05607],[106580.35,0.56285],[106580.42,0.0001],[106582.47,0.00198],[106582.71,0.0001],[106582.72,0.57968],[106582.73,1.31369],[106583.49,5e-05],[106583.81,0.0005],[106583.82,0.00457],[106583.84,0.01383],[106583.99,5e-05],[106584.0,0.0012],[106584.81,0.00086],[106584.82,0.56245],[106585.1,0.02821],[106585.22,0.06351],[106585.97,0.00188],[106586.0,0.0012],[106586.48,0.00206]]},"raw":{}}
{"exchange":"binance","instance_id":"A","symbol":"BTC-USD","event_ts":1762205094.814,"seq":79648489935,"depth":{"last_seq":79648489935,"bids":[[106580.33,2.97986],[106580.32,0.00325],[106580.26,0.0001],[106580.0,5e-05],[106579.93,5e-05],[106578.78,0.0001],[106578.77,0.01946],[106578.76,0.06442],[106578.17,5e-05],[106574.42,5e-05],[106574.02,0.0001],[106574.01,0.01543],[106574.0,0.001],[106573.99,0.0001],[106573.81,0.0001],[106573.8,0.01916],[106573.18,0.00756],[106573.17,0.00943],[106572.34,6e-05],[106571.8,5e-05]],"asks":[[106580.34,3.74833],[106580.35,0.0009],[106580.42,0.0001],[106582.47,0.00198],[106582.71,0.0001],[106582.72,0.57968],[106582.73,0.00015],[106583.49,5e-05],[106583.81,0.0005],[106583.82,0.00457],[106583.84,0.01383],[106583.99,5e-05],[106584.0,0.0012],[106584.81,0.00086],[106584.82,5e-05],[106585.1,0.02821],[106585.22,5e-05],[106585.97,0.00188],[106586.0,0.0012],[106586.48,0.00206]]},"raw":{}}
{"exchange":"binance","instance_id":"A","symbol":"BTC-USD","event_ts":1762205094.914,"seq":79648490018,"depth":{"last_seq":79648490018,"bids":[[106580.33,3.00824],[106580.32,0.00325],[106580.26,0.0001],[106580.0,5e-05],[106579.93,5e-05],[106578.78,0.0001],[106578.77,0.01946],[106578.76,0.06442],[106578.17,5e-05],[106574.42,5e-05],[106574.02,0.0001],[106574.01,0.01543],[106574.0,5e-05],[106573.99,0.0001],[106573.81,0.0001],[106573.8,0.01916],[106573.18,0.00756],[106573.17,0.00943],[106572.34,6e-05],[106571.8,5e-05]],"asks":[[106580.34,3.60516],[106580.35,0.00065],[106580.42,0.0001],[106582.47,0.00198],[106582.71,0.0001],[106582.72,0.01582],[106583.49,5e-05],[106583.81,0.00055],[106583.82,0.0027],[106583.84,0.01378],[106583.99,5e-05],[106584.0,0.0012],[106584.81,0.00076],[106585.09,0.0001],[106585.1,0.02821],[106585.97,0.00188],[106586.0,0.0012],[106586.48,0.00206],[106587.74,0.0025],[106588.49,0.0001]]},"raw":{}}
{"exchange":"binance","instance_id":"A","symbol":"BTC-USD","event_ts":1762205095.014,"seq":79648490034,"depth":{"last_seq":79648490034,"bids":[[106580.33,3.00824],[106580.32,0.00325],[106580.26,0.0001],[106580.0,5e-05],[106579.93,5e-05],[106578.78,0.0001],[106578.77,0.01946],[106578.76,0.06442],[106578.17,5e-05],[106574.42,5e-05],[106574.02,0.0001],[106574.01,0.01538],[106574.0,5e-05],[106573.99,0.0001],[106573.81,0.0001],[106573.8,0.01916],[106573.18,0.00756],[106573.17,0.00943],[106572.34,6e-05],[106571.8,5e-05]],"asks":[[106580.34,3.60516],[106580.35,0.00065],[106580.42,0.0001],[106582.47,0.00198],[106582.71,0.0001],[106582.72,0.01582],[106583.49,5e-05],[106583.81,0.00055],[106583.82,0.0027],[106583.83,0.0001],[106583.84,0.01378],[106583.99,5e-05],[106584.0,0.0012],[106584.81,0.00076],[106585.09,0.0001],[106585.1,0.02821],[106585.97,0.00188],[106586.0,0.0012],[106586.48,0.00206],[106587.74,0.0025]]},"raw":{}}
{"exchange":"binance","instance_id":"A","symbol":"BTC-USD","event_ts":1762205095.114,"seq":79648490049,"depth":{"last_seq":79648490049,"bids":[[106580.33,3.00824],[106580.32,0.00325],[106580.26,0.0001],[106580.0,5e-05],[106579.93,5e-05],[106578.78,0.0001],[106578.77,0.01946],[106578.76,0.06442],[106578.17,5e-05],[106574.42,5e-05],[106574.02,0.0001],[106574.01,0.01538],[106574.0,5e-05],[106573.99,0.0001],[106573.88,5e-05],[106573.81,0.0001],[106573.8,0.01916],[106573.18,0.00756],[106573.17,0.00943],[106572.34,6e-05]],"asks":[[106580.34,3.60549],[106580.35,0.00065],[106580.42,0.0001],[106582.47,0.00198],[106582.71,0.0001],[106582.72,0.01582],[106583.49,5e-05],[106583.81,0.00055],[106583.82,0.0027],[106583.83,0.0001],[106583.84,0.01378],[106583.99,5e-05],[106584.0,0.0012],[106584.81,0.00076],[106585.09,0.0001],[106585.1,5e-05],[106585.97,0.00188],[106586.0,0.0012],[106586.48,0.00206],[106587.74,0.0025]]},"raw":{}}
