{"exchange":"okx","instance_id":"A","symbol":"BTC-USD","event_ts":1762349855.402,"seq":7218585007726593,"depth":{"last_seq":7218585007726593,"bids":[[102430.0,0.2925424],[102429.2,0.1],[102429.1,0.27096809],[102429.0,0.1175],[102428.0,0.1175]],"asks":[[102430.1,0.13177141],[102431.0,0.0175],[102432.0,0.01751],[102432.3,0.04390588],[102432.4,0.11]]},"raw":{}}
{"exchange":"okx","instance_id":"A","symbol":"BTC-USD","event_ts":1762349855.502,"seq":7218585008136193,"depth":{"last_seq":7218585008136193,"bids":[[102430.0,0.30070383],[102429.2,0.1],[102429.1,0.1],[102429.0,0.1175],[102428.0,0.1175]],"asks":[[102430.1,0.19738484],[102431.0,0.0175],[102432.0,0.01751],[102432.2,0.00976276],[102432.3,0.01876641],[102432.4,0.11]]},"raw":{}}
{"exchange":"okx","instance_id":"A","symbol":"BTC-USD","event_ts":1762349855.602,"seq":7218585008545793,"depth":{"last_seq":7218585008545793,"bids":[[102430.0,0.03230194],[102429.2,0.1],[102429.1,0.1],[102429.0,0.0175],[102428.0,0.0175],[102427.9,0.00084697],[102427.6,1e-05]],"asks":[[102430.1,0.33472536],[102430.9,0.02578125],[102431.0,0.0175],[102431.9,0.02107763],[102432.0,0.01751],[102432.2,0.00976276],[102432.3,0.01876641],[102432.4,0.11]]},"raw":{}}
{"exchange":"okx","instance_id":"A","symbol":"BTC-USD","event_ts":1762349855.702,"seq":7218585008955393,"depth":{"last_seq":7218585008955393,"bids":[[102430.0,0.02861194],[102429.2,0.1],[102429.1,0.1],[102429.0,0.0175],[102428.0,0.0175],[102427.9,0.00084697],[102427.6,1e-05]],"asks":[[102430.1,0.33472536],[102430.8,0.03399708],[102430.9,0.02578125],[102431.0,0.0175],[102431.9,0.02107763],[102432.0,0.01751],[102432.2,0.00976276],[102432.3,0.01876641],[102432.4,0.11]]},"raw":{}}
{"exchange":"okx","instance_id":"A","symbol":"BTC-USD","event_ts":1762349855.902,"seq":7218585009774593,"depth":{"last_seq":7218585009774593,"bids":[[102430.0,0.01112949],[102429.2,0.1],[102429.1,0.1],[102429.0,0.0175],[102428.0,0.0175],[102427.9,0.00084697],[102427.6,1e-05],[102427.0,0.03678052]],"asks":[[102430.1,0.33472536],[102430.6,0.22937679],[102430.7,0.1],[102430.8,0.1],[102430.9,0.12578125],[102431.0,0.0175],[102431.9,0.02107763],[102432.0,0.01751],[102432.2,0.00976276],[102432.3,0.01876641],[102432.4,0.11]]},"raw":{}}
{"exchange":"okx","instance_id":"A","symbol":"BTC-USD","event_ts":1762349856.102,"seq":7218585010593793,"depth":{"last_seq":7218585010593793,"bids":[[102430.0,0.01112949],[102429.2,0.1],[102429.1,0.1],[102429.0,0.0175],[102428.0,0.0175],[102427.9,0.00084697],[102427.6,1e-05],[102427.2,0.00300926],[102427.0,0.03678052]],"asks":[[102430.1,0.39472536],[102430.5,0.19],[102430.6,0.22937679],[102430.7,0.1],[102430.8,0.1],[102430.9,0.12578125],[102431.0,0.0175],[102431.9,0.02107763],[102432.0,0.01751],[102432.2,0.00976276],[102432.3,0.01876641],[102432.4,0.11]]},"raw":{}}
{"exchange":"okx","instance_id":"A","symbol":"BTC-USD","event_ts":1762349856.202,"seq":7218585011003393,"depth":{"last_seq":7218585011003393,"bids":[[102430.0,0.01112949],[102429.2,0.1],[102429.1,0.1],[102429.0,0.0175],[102428.0,0.0175],[102427.9,0.00084697],[102427.6,1e-05],[102427.2,0.00300926],[102427.0,0.03678052]],"asks":[[102430.1,0.54436936],[102430.5,0.1],[102430.6,0.22937679],[102430.7,0.1],[102430.8,0.1],[102430.9,0.12578125],[102431.0,0.0175],[102431.9,0.02107763],[102432.0,0.01751],[102432.2,0.00976276],[102432.3,0.01876641],[102432.4,0.11]]},"raw":{}}
{"exchange":"okx","instance_id":"A","symbol":"BTC-USD","event_ts":1762349856.302,"seq":7218585011412993,"depth":{"last_seq":7218585011412993,"bids":[[102430.0,0.01112949],[102429.2,0.1],[102429.1,0.1],[102429.0,0.0175],[102428.4,0.00258416],[102428.2,0.00251293],[102428.0,0.0175],[102427.9,0.00084697],[102427.6,1e-05],[102427.2,0.00300926],[102427.0,0.03678052]],"asks":[[102430.1,0.34936936],[102430.5,0.1],[102430.6,0.22937679],[102430.7,0.1],[102430.8,0.1],[102430.9,0.12578125],[102431.0,0.0175],[102431.9,0.02107763],[102432.0,0.01751],[102432.2,0.00976276],[102432.3,0.01876641],[102432.4,0.11]]},"raw":{}}
{"exchange":"okx","instance_id":"A","symbol":"BTC-USD","event_ts":1762349856.402,"seq":7218585011822593,"depth":{"last_seq":7218585011822593,"bids":[[102430.0,0.01112949],[102429.2,0.1],[102429.1,0.1],[102429.0,0.0175],[102428.4,0.00258416],[102428.2,0.00251293],[102428.0,0.0175],[102427.9,0.00084697],[102427.6,1e-05],[102427.2,0.00300926],[102427.0,0.01928052],[102426.2,1e-05]],"asks":[[102430.1,0.48436936],[102430.4,0.23273069],[102430.5,0.1],[102430.6,0.1],[102430.7,0.1],[102430.8,0.1],[102430.9,0.12578125],[102431.0,0.0175],[102431.9,0.02107763],[102432.0,0.01751],[102432.2,0.00976276],[102432.3,0.01876641],[102432.4,0.11]]},"raw":{}}
{"exchange":"okx","instance_id":"A","symbol":"BTC-USD","event_ts":1762349856.502,"seq":7218585012232193,"depth":{"last_seq":7218585012232193,"bids":[[102430.0,0.01109898],[102429.2,0.1],[102429.1,0.1],[102429.0,0.0175],[102428.4,0.00258416],[102428.2,0.00251293],[102428.0,0.0175],[102427.9,0.00084697],[102427.6,1e-05],[102427.2,0.00300926],[102427.1,3.373e-05],[102427.0,0.01928052],[102426.2,1e-05]],"asks":[[102430.1,0.48632182],[102430.4,0.23273069],[102430.5,0.1],[102430.6,0.1],[102430.7,0.1],[102430.8,0.1],[102430.9,0.12578125],[102431.0,0.0175],[102431.9,0.02107763],[102432.0,0.01751],[102432.2,0.00976276],[102432.3,0.01876641],[102432.4,0.11]]},"raw":{}}
{"exchange":"okx","instance_id":"A","symbol":"BTC-USD","event_ts":1762349856.602,"seq":7218585012641793,"depth":{"last_seq":7218585012641793,"bids":[[102430.0,0.01109898],[102429.2,0.1],[102429.1,0.1],[102429.0,0.0175],[102428.4,0.00258416],[102428.2,0.00251293],[102428.0,0.0175],[102427.9,0.00084697],[102427.6,1e-05],[102427.2,0.00300926],[102427.1,3.373e-05],[102427.0,0.01928052],[102426.2,1e-05]],"asks":[[102430.1,0.48436936],[102430.4,0.23273069],[102430.5,0.1],[102430.6,0.1],[102430.7,0.1],[102430.8,0.1],[102430.9,0.12578125],[102431.0,0.0175],[102431.9,0.02107763],[102432.0,0.01751],[102432.2,0.00976276],[102432.3,0.01876641],[102432.4,0.11]]},"raw":{}}
{"exchange":"okx","instance_id":"A","symbol":"BTC-USD","event_ts":1762349856.702,"seq":7218585013051393,"depth":{"last_seq":7218585013051393,"bids":[[102430.0,0.01109898],[102429.2,0.1],[102429.1,0.1],[102429.0,0.0175],[102428.4,0.00258416],[102428.2,0.00251293],[102428.0,0.0175],[102427.9,0.00084697],[102427.6,1e-05],[102427.2,0.00094225],[102427.1,3.373e-05],[102427.0,0.01928052],[102426.2,1e-05]],"asks":[[102430.1,0.48436936],[102430.3,0.2708661],[102430.4,0.13905104],[102430.5,0.1],[102430.6,0.1],[102430.7,0.1],[102430.8,0.1],[102430.9,0.12578125],[102431.0,0.0175],[102431.9,0.02107763],[102432.0,0.01751],[102432.2,0.00976276],[102432.3,0.01876641],[102432.4,0.11]]},"raw":{}}
{"exchange":"okx","instance_id":"A","symbol":"BTC-USD","event_ts":1762349856.802,"seq":7218585013460993,"depth":{"last_seq":7218585013460993,"bids":[[102430.0,0.01109898],[102429.2,0.1],[102429.1,0.1],[102429.0,0.0175],[102428.4,0.00258416],[102428.2,0.00251293],[102428.0,0.0175],[102427.9,0.00084697],[102427.6,1e-05],[102427.2,0.00094225],[102427.1,3.373e-05],[102427.0,0.01928052],[102426.2,1e-05]],"asks":[[102430.1,0.34936936],[102430.2,0.00471688],[102430.3,0.2708661],[102430.4,0.13905104],[102430.5,0.1],[102430.6,0.1],[102430.7,0.1],[102430.8,0.1],[102430.9,0.12578125],[102431.0,0.0175],[102431.9,0.02107763],[102432.0,0.01751],[102432.2,0.00976276],[102432.3,0.01876641],[102432.4,0.11]]},"raw":{}}
{"exchange":"okx","instance_id":"A","symbol":"BTC-USD","event_ts":1762349856.902,"seq":7218585013870593,"depth":{"last_seq":7218585013870593,"bids":[[102430.0,0.01109898],[102429.2,0.1],[102429.1,0.1],[102429.0,0.0175],[102428.4,0.00258416],[102428.2,0.00251293],[102428.0,0.0175],[102427.9,0.00084697],[102427.6,1e-05],[102427.2,0.00094225],[102427.1,3.373e-05],[102427.0,0.01928052],[102426.2,1e-05]],"asks":[[102430.1,0.34936936],[102430.2,0.10471688],[102430.3,0.2111661],[102430.4,0.13905104],[102430.5,0.1],[102430.6,0.1],[102430.7,0.1],[102430.8,0.1],[102430.9,0.12578125],[102431.0,0.0175],[102431.9,0.02107763],[102432.0,0.01751],[102432.2,0.00976276],[102432.3,0.01876641],[102432.4,0.11]]},"raw":{}}
{"exchange":"okx","instance_id":"A","symbol":"BTC-USD","event_ts":1762349857.002,"seq":7218585014280193,"depth":{"last_seq":7218585014280193,"bids":[[102430.0,0.01109898],[102429.2,0.1],[102429.1,0.1],[102429.0,0.0175],[102428.4,0.00258416],[102428.2,0.00251293],[102428.0,0.0175],[102427.9,0.00084697],[102427.6,1e-05],[102427.2,0.00094225],[102427.1,3.373e-05],[102427.0,0.01928052],[102426.2,1e-05]],"asks":[[102430.1,0.34936936],[102430.2,0.1],[102430.3,0.2111661],[102430.4,0.13905104],[102430.5,0.1],[102430.6,0.1],[102430.7,0.1],[102430.8,0.1],[102430.9,0.12578125],[102431.0,0.0175],[102431.9,0.02107763],[102432.0,0.01751],[102432.2,0.00976276],[102432.3,0.01876641],[102432.4,0.11]]},"raw":{}}
{"exchange":"okx","instance_id":"A","symbol":"BTC-USD","event_ts":1762349857.102,"seq":7218585014689793,"depth":{"last_seq":7218585014689793,"bids":[[102430.0,0.01109898],[102429.2,0.1],[102429.1,0.1],[102429.0,0.0175],[102428.4,0.00258416],[102428.2,0.00251293],[102428.0,0.0175],[102427.9,0.00084697],[102427.6,1e-05],[102427.2,0.00094225],[102427.1,3.373e-05],[102427.0,0.01928052],[102426.2,1e-05]],"asks":[[102430.1,0.45936936],[102430.2,0.1],[102430.3,0.2111661],[102430.4,0.13905104],[102430.5,0.1],[102430.6,0.1],[102430.7,0.1],[102430.8,0.1],[102430.9,0.12578125],[102431.0,0.0175],[102431.9,0.02107763],[102432.0,0.01751],[102432.2,0.00976276],[102432.3,0.01876641],[102432.4,0.11]]},"raw":{}}
{"exchange":"okx","instance_id":"A","symbol":"BTC-USD","event_ts":1762349857.202,"seq":7218585015099393,"depth":{"last_seq":7218585015099393,"bids":[[102430.0,0.01109898],[102429.2,0.1],[102429.1,0.1],[102429.0,0.0175],[102428.4,0.00258416],[102428.2,0.00251293],[102428.0,0.0175],[102427.9,0.00084697],[102427.6,1e-05],[102427.2,0.00094225],[102427.1,3.373e-05],[102427.0,0.01928052],[102426.2,1e-05]],"asks":[[102430.1,0.45944716],[102430.2,0.1000778],[102430.3,0.2112439],[102430.4,0.13912884],[102430.5,0.1000778],[102430.6,0.1],[102430.7,0.1],[102430.8,0.1],[102430.9,0.12578125],[102431.0,0.0175],[102431.9,0.02107763],[102432.0,0.01751],[102432.2,0.00976276],[102432.3,0.01876641],[102432.4,0.11]]},"raw":{}}
{"exchange":"okx","instance_id":"A","symbol":"BTC-USD","event_ts":1762349857.602,"seq":7218585016737793,"depth":{"last_seq":7218585016737793,"bids":[[102430.0,0.01109898],[102429.2,0.1],[102429.1,0.1],[102429.0,0.0175],[102428.4,0.00258416],[102428.2,0.00251293],[102428.0,0.0175],[102427.9,0.00084697],[102427.6,1e-05],[102427.2,0.00094225],[102427.1,3.373e-05],[102427.0,0.01928052],[102426.2,1e-05]],"asks":[[102430.1,0.45944716],[102430.2,0.1000778],[102430.3,0.2112439],[102430.4,0.13912884],[102430.5,0.1000778],[102430.6,0.1],[102430.7,0.1],[102430.8,0.1],[102430.9,0.12578125],[102431.0,0.0175],[102431.9,0.02107763],[102432.0,0.01751],[102432.2,0.00976276],[102432.3,0.01876641],[102432.4,0.11]]},"raw":{}}
{"exchange":"okx","instance_id":"A","symbol":"BTC-USD","event_ts":1762349858.102,"seq":7218585018785793,"depth":{"last_seq":7218585018785793,"bids":[[102430.0,0.01109898],[102429.2,0.1],[102429.1,0.1],[102429.0,0.0175],[102428.4,0.00258416],[102428.2,0.00251293],[102428.0,0.0175],[102427.9,0.00084697],[102427.6,1e-05],[102427.2,0.00094225],[102427.1,3.373e-05],[102427.0,0.01928052],[102426.2,1e-05]],"asks":[[102430.1,0.45944716],[102430.2,0.1000778],[102430.3,0.2112439],[102430.4,0.13912884],[102430.5,0.1000778],[102430.6,0.1],[102430.7,0.1],[102430.8,0.1],[102430.9,0.12578125],[102431.0,0.0175],[102431.9,0.02107763],[102432.0,0.01751],[102432.2,0.00976276],[102432.3,0.01876641],[102432.4,0.11]]},"raw":{}}
{"exchange":"okx","instance_id":"A","symbol":"BTC-USD","event_ts":1762349858.202,"seq":7218585019195393,"depth":{"last_seq":7218585019195393,"bids":[[102430.0,0.01109898],[102429.2,0.1],[102429.1,0.1],[102429.0,0.0175],[102428.4,0.00258416],[102428.2,0.00251293],[102428.0,0.0175],[102427.9,0.00084697],[102427.6,1e-05],[102427.2,0.00094225],[102427.1,3.373e-05],[102427.0,0.01928052],[102426.2,1e-05]],"asks":[[102430.1,0.45944716],[102430.2,0.1000778],[102430.3,0.2112439],[102430.4,0.13912884],[102430.5,0.1000778],[102430.6,0.1],[102430.7,0.1],[102430.8,0.1],[102430.9,0.12578125],[102431.0,0.0175],[102431.9,0.02107763],[102432.0,0.01751],[102432.2,0.00976276],[102432.3,0.01876641],[102432.4,0.11]]},"raw":{}}
{"exchange":"okx","instance_id":"A","symbol":"BTC-USD","event_ts":1762349858.502,"seq":7218585020424193,"depth":{"last_seq":7218585020424193,"bids":[[102430.0,0.01109898],[102429.2,0.1],[102429.1,0.1],[102429.0,0.0175],[102428.4,0.00258416],[102428.2,0.00251293],[102428.0,0.0175],[102427.9,0.00084697],[102427.6,1e-05],[102427.2,0.00094225],[102427.1,3.373e-05],[102427.0,0.01928052],[102426.2,1e-05]],"asks":[[102430.1,0.45944716],[102430.2,0.1000778],[102430.3,0.2112439],[102430.4,0.13912884],[102430.5,0.1000778],[102430.6,0.1],[102430.7,0.1],[102430.8,0.1],[102430.9,0.12578125],[102431.0,0.0175],[102431.9,0.02107763],[102432.0,0.01751],[102432.2,0.00976276],[102432.3,0.01876641],[102432.4,0.11]]},"raw":{}}
{"exchange":"okx","instance_id":"A","symbol":"BTC-USD","event_ts":1762349858.602,"seq":7218585020833793,"depth":{"last_seq":7218585020833793,"bids":[[102430.0,0.01109898],[102429.2,0.1],[102429.1,0.1],[102429.0,0.0175],[102428.4,0.00258416],[102428.2,0.00251293],[102428.0,0.0175],[102427.9,0.00084697],[102427.6,1e-05],[102427.2,0.00094225],[102427.1,3.373e-05],[102427.0,0.01928052],[102426.2,1e-05]],"asks":[[102430.1,0.46041716],[102430.2,0.1000778],[102430.3,0.2112439],[102430.4,0.13912884],[102430.5,0.1000778],[102430.6,0.1],[102430.7,0.1],[102430.8,0.1],[102430.9,0.12578125],[102431.0,0.0175],[102431.9,0.02107763],[102432.0,0.01751],[102432.2,0.00976276],[102432.3,0.01876641],[102432.4,0.11]]},"raw":{}}
{"exchange":"okx","instance_id":"A","symbol":"BTC-USD","event_ts":1762349858.702,"seq":7218585021243393,"depth":{"last_seq":7218585021243393,"bids":[[102430.0,0.01109898],[102429.2,0.1],[102429.1,0.1],[102429.0,0.0175],[102428.4,0.00258416],[102428.2,0.00251293],[102428.0,0.0175],[102427.9,0.00084697],[102427.6,1e-05],[102427.2,0.00094225],[102427.1,3.373e-05],[102427.0,0.01930685],[102426.2,1e-05],[102426.0,0.00195253],[102425.0,1e-05],[102424.1,1.501e-05],[102421.8,0.01928052]],"asks":[[102427.1,0.56448105],[102427.2,0.114645],[102427.6,1e-05],[102427.8,0.33821442],[102427.9,0.17477042],[102430.1,0.46041716],[102430.2,0.1000778],[102430.3,0.2112439],[102430.4,0.13912884],[102430.5,0.1000778],[102430.6,0.1],[102430.7,0.1],[102430.8,0.1],[102430.9,0.12578125],[102431.0,0.0175],[102431.9,0.02107763],[102432.0,0.01751],[102432.2,0.00976276],[102432.3,0.01876641],[102432.4,0.11]]},"raw":{}}
{"exchange":"okx","instance_id":"A","symbol":"BTC-USD","event_ts":1762349858.802,"seq":7218585021652993,"depth":{"last_seq":7218585021652993,"bids":[[102430.0,0.01109898],[102429.2,0.1],[102429.1,0.1],[102429.0,0.0175],[102428.4,0.00258416],[102428.2,0.00251293],[102428.0,0.0175],[102427.9,0.00084697],[102427.6,1e-05],[102427.2,0.00094225],[102427.1,3.373e-05],[102427.0,0.10400562],[102426.2,1e-05],[102426.0,0.01945253],[102425.0,0.01751],[102424.1,1.501e-05],[102421.8,0.01928052]],"asks":[[102427.1,0.38484025],[102427.2,0.114645],[102427.6,1e-05],[102427.8,0.24269442],[102427.9,0.17477042],[102430.1,0.46041716],[102430.2,0.1000778],[102430.3,0.2112439],[102430.4,0.13912884],[102430.5,0.1000778],[102430.6,0.1],[102430.7,0.1],[102430.8,0.1],[102430.9,0.12578125],[102431.0,0.0175],[102431.9,0.02107763],[102432.0,0.01751],[102432.2,0.00976276],[102432.3,0.01876641],[102432.4,0.11]]},"raw":{}}
{"exchange":"okx","instance_id":"A","symbol":"BTC-USD","event_ts":1762349858.902,"seq":7218585022062593,"depth":{"last_seq":7218585022062593,"bids":[[102430.0,0.01109898],[102429.2,0.1],[102429.1,0.1],[102429.0,0.0175],[102428.4,0.00258416],[102428.2,0.00251293],[102428.0,0.0175],[102427.9,0.00084697],[102427.6,1e-05],[102427.2,0.00094225],[102427.1,3.373e-05],[102427.0,0.03680562],[102426.2,1e-05],[102426.0,0.01945253],[102425.0,0.01751],[102424.1,1.501e-05],[102421.8,0.01928052]],"asks":[[102427.1,0.40369487],[102427.2,0.114645],[102427.6,1e-05],[102427.8,0.24269442],[102427.9,0.17477042],[102430.1,0.46041716],[102430.2,0.1000778],[102430.3,0.2112439],[102430.4,0.13912884],[102430.5,0.1000778],[102430.6,0.1],[102430.7,0.1],[102430.8,0.1],[102430.9,0.12578125],[102431.0,0.0175],[102431.9,0.02107763],[102432.0,0.01751],[102432.2,0.00976276],[102432.3,0.01876641],[102432.4,0.11]]},"raw":{}}
{"exchange":"okx","instance_id":"A","symbol":"BTC-USD","event_ts":1762349859.102,"seq":7218585022881793,"depth":{"last_seq":7218585022881793,"bids":[[102430.0,0.01109898],[102429.2,0.1],[102429.1,0.1],[102429.0,0.0175],[102428.4,0.00258416],[102428.2,0.00251293],[102428.0,0.0175],[102427.9,0.00084697],[102427.6,1e-05],[102427.2,0.00094225],[102427.1,3.373e-05],[102427.0,0.03680562],[102426.2,1e-05],[102426.0,0.01945253],[102425.0,0.01751],[102424.1,1.501e-05],[102422.0,0.00276454],[102421.8,0.01928052]],"asks":[[102427.1,0.40369487],[102427.2,0.114645],[102427.6,1e-05],[102427.8,0.24269442],[102427.9,0.1],[102430.1,0.46041716],[102430.2,0.1000778],[102430.3,0.2112439],[102430.4,0.13912884],[102430.5,0.1000778],[102430.6,0.1],[102430.7,0.1],[102430.8,0.1],[102430.9,0.12578125],[102431.0,0.0175],[102431.9,0.02107763],[102432.0,0.01751],[102432.2,0.00976276],[102432.3,0.01876641],[102432.4,0.11]]},"raw":{}}
{"exchange":"okx","instance_id":"A","symbol":"BTC-USD","event_ts":1762349859.202,"seq":7218585023291393,"depth":{"last_seq":7218585023291393,"bids":[[102430.0,0.01109898],[102429.2,0.1],[102429.1,0.1],[102429.0,0.0175],[102428.4,0.00258416],[102428.2,0.00251293],[102428.0,0.0175],[102427.9,0.00084697],[102427.6,1e-05],[102427.2,0.00094225],[102427.1,3.373e-05],[102427.0,0.01930562],[102426.2,1e-05],[102426.0,0.00195253],[102425.2,0.00110216],[102425.0,0.01751],[102424.1,1.501e-05],[102422.0,0.00276454],[102421.8,0.01928052]],"asks":[[102427.1,0.40369487],[102427.2,0.114645],[102427.6,1e-05],[102427.8,0.24269442],[102427.9,0.1],[102430.1,0.46041716],[102430.2,0.1000778],[102430.3,0.2112439],[102430.4,0.13912884],[102430.5,0.1000778],[102430.6,0.1],[102430.7,0.1],[102430.8,0.1],[102430.9,0.12578125],[102431.0,0.0175],[102431.9,0.02107763],[102432.0,0.01751],[102432.2,0.00976276],[102432.3,0.01876641],[102432.4,0.11]]},"raw":{}}
{"exchange":"okx","instance_id":"A","symbol":"BTC-USD","event_ts":1762349859.302,"seq":7218585023700993,"depth":{"last_seq":7218585023700993,"bids":[[102430.0,0.01109898],[102429.2,0.1],[102429.1,0.1],[102429.0,0.0175],[102428.4,0.00258416],[102428.2,0.00251293],[102428.0,0.0175],[102427.9,0.00084697],[102427.6,1e-05],[102427.2,0.00094225],[102427.1,3.373e-05],[102427.0,0.01930562],[102426.2,1e-05],[102426.0,0.00195253],[102425.2,0.00110216],[102425.0,0.01751],[102424.1,1.501e-05],[102422.2,0.00219942],[102422.0,0.00276454],[102421.8,0.01928052]],"asks":[[102427.1,0.40369487],[102427.2,0.114645],[102427.6,1e-05],[102427.8,0.24269442],[102427.9,0.1],[102430.1,0.46041716],[102430.2,0.1000778],[102430.3,0.2112439],[102430.4,0.13912884],[102430.5,0.1000778],[102430.6,0.1],[102430.7,0.1],[102430.8,0.1],[102430.9,0.12578125],[102431.0,0.0175],[102431.9,0.02107763],[102432.0,0.01751],[102432.2,0.00976276],[102432.3,0.01876641],[102432.4,0.11]]},"raw":{}}
{"exchange":"okx","instance_id":"A","symbol":"BTC-USD","event_ts":1762349859.702,"seq":7218585025339393,"depth":{"last_seq":7218585025339393,"bids":[[102430.0,0.01109898],[102429.2,0.1],[102429.1,0.1],[102429.0,0.0175],[102428.4,0.00258416],[102428.2,0.00251293],[102428.0,0.0175],[102427.9,0.00084697],[102427.6,1e-05],[102427.2,0.00094225],[102427.1,3.373e-05],[102427.0,0.01930562],[102426.2,1e-05],[102426.0,0.00195253],[102425.2,0.00110216],[102425.0,0.01751],[102424.1,1.501e-05],[102422.2,0.00219942],[102422.0,0.00276454],[102421.8,0.01928052]],"asks":[[102427.1,0.49369487],[102427.2,0.114645],[102427.6,1e-05],[102427.8,0.24269442],[102427.9,0.1],[102430.1,0.46041716],[102430.2,0.1000778],[102430.3,0.2112439],[102430.4,0.13912884],[102430.5,0.1000778],[102430.6,0.1],[102430.7,0.1],[102430.8,0.1],[102430.9,0.12578125],[102431.0,0.0175],[102431.9,0.02107763],[102432.0,0.01751],[102432.2,0.00976276],[102432.3,0.01876641],[102432.4,0.11]]},"raw":{}}
{"exchange":"okx","instance_id":"A","symbol":"BTC-USD","event_ts":1762349860.102,"seq":7218585026977793,"depth":{"last_seq":7218585026977793,"bids":[[102430.0,0.01109898],[102429.2,0.1],[102429.1,0.1],[102429.0,0.0175],[102428.4,0.00258416],[102428.2,0.00251293],[102428.0,0.0175],[102427.9,0.00084697],[102427.6,1e-05],[102427.2,0.00094225],[102427.1,3.373e-05],[102427.0,0.10400562],[102426.2,1e-05],[102426.0,0.01945253],[102425.2,0.00110216],[102425.0,0.01751],[102424.1,1.501e-05],[102422.2,0.00219942],[102422.0,0.00276454],[102421.8,0.01928052]],"asks":[[102427.1,0.13223397],[102427.2,0.114645],[102427.6,1e-05],[102427.8,0.08531164],[102427.9,0.1],[102428.0,0.1175],[102428.5,0.01602342],[102430.1,0.46041716],[102430.2,0.1000778],[102430.3,0.2112439],[102430.4,0.13912884],[102430.5,0.1000778],[102430.6,0.1],[102430.7,0.1],[102430.8,0.1],[102430.9,0.12578125],[102431.0,0.0175],[102431.9,0.02107763],[102432.0,0.01751],[102432.2,0.00976276]]},"raw":{}}
{"exchange":"okx","instance_id":"A","symbol":"BTC-USD","event_ts":1762349860.202,"seq":7218585027387393,"depth":{"last_seq":7218585027387393,"bids":[[102430.0,0.01109898],[102429.2,0.1],[102429.1,0.1],[102429.0,0.0175],[102428.4,0.00258416],[102428.2,0.00251293],[102428.0,0.0175],[102427.9,0.00084697],[102427.6,1e-05],[102427.2,0.00094225],[102427.1,3.373e-05],[102427.0,0.20400562],[102426.2,1e-05],[102426.0,0.01945253],[102425.2,0.00110216],[102425.0,0.01751],[102424.1,1.501e-05],[102422.2,0.00219942],[102422.0,0.00276454],[102421.8,0.01928052]],"asks":[[102427.1,0.14267938],[102427.2,0.114645],[102427.6,1e-05],[102427.8,0.05546164],[102427.9,0.1],[102428.0,0.0175],[102428.5,0.01602342],[102430.1,0.46041716],[102430.2,0.1000778],[102430.3,0.2112439],[102430.4,0.13912884],[102430.5,0.1000778],[102430.6,0.1],[102430.7,0.1],[102430.8,0.1],[102430.9,0.12578125],[102431.0,0.0175],[102431.9,0.02107763],[102432.0,0.01751],[102432.2,0.00976276]]},"raw":{}}
{"exchange":"okx","instance_id":"A","symbol":"BTC-USD","event_ts":1762349860.502,"seq":7218585028616193,"depth":{"last_seq":7218585028616193,"bids":[[102430.0,0.01109898],[102429.2,0.1],[102429.1,0.1],[102429.0,0.0175],[102428.4,0.00258416],[102428.2,0.00251293],[102428.0,0.0175],[102427.9,0.00084697],[102427.6,1e-05],[102427.2,0.00094225],[102427.1,3.373e-05],[102427.0,0.21237397],[102426.2,1e-05],[102426.0,0.01945253],[102425.2,0.00110216],[102425.0,0.01751],[102424.1,1.501e-05],[102422.2,0.00219942],[102422.0,0.00276454],[102421.8,0.01928052]],"asks":[[102427.1,0.14273507],[102427.2,0.114645],[102427.6,0.10227196],[102427.7,0.11],[102427.8,5.569e-05],[102427.9,0.1],[102428.0,0.01755569],[102428.5,0.01602342],[102430.1,0.46041716],[102430.2,0.1000778],[102430.3,0.2112439],[102430.4,0.13912884],[102430.5,0.1000778],[102430.6,0.1],[102430.7,0.1],[102430.8,0.1],[102430.9,0.12578125],[102431.0,0.0175],[102431.9,0.02107763],[102432.0,0.01751]]},"raw":{}}
{"exchange":"okx","instance_id":"A","symbol":"BTC-USD","event_ts":1762349860.602,"seq":7218585029025793,"depth":{"last_seq":7218585029025793,"bids":[[102430.0,0.01109898],[102429.2,0.1],[102429.1,0.1],[102429.0,0.0175],[102428.4,0.00258416],[102428.2,0.00251293],[102428.0,0.0175],[102427.9,0.00084697],[102427.6,1e-05],[102427.2,0.00094225],[102427.1,3.373e-05],[102427.0,0.21606397],[102426.2,1e-05],[102426.0,0.01945253],[102425.2,0.00110216],[102425.0,0.01751],[102424.1,1.501e-05],[102422.2,0.00219942],[102422.0,0.00276454],[102421.8,0.01928052]],"asks":[[102427.1,0.14273507],[102427.2,0.114645],[102427.6,0.10227196],[102427.7,0.11],[102427.8,5.569e-05],[102427.9,0.1],[102428.0,0.01755569],[102428.5,0.01602342],[102430.1,0.46041716],[102430.2,0.1000778],[102430.3,0.2112439],[102430.4,0.13912884],[102430.5,0.1000778],[102430.6,0.1],[102430.7,0.1],[102430.8,0.1],[102430.9,0.12578125],[102431.0,0.0175],[102431.9,0.02107763],[102432.0,0.01751]]},"raw":{}}
{"exchange":"okx","instance_id":"A","symbol":"BTC-USD","event_ts":1762349860.702,"seq":7218585029435393,"depth":{"last_seq":7218585029435393,"bids":[[102430.0,0.01109898],[102429.2,0.1],[102429.1,0.1],[102429.0,0.0175],[102428.4,0.00258416],[102428.2,0.00251293],[102428.0,0.0175],[102427.9,0.00084697],[102427.6,1e-05],[102427.2,0.00094225],[102427.1,3.373e-05],[102427.0,0.20946397],[102426.2,1e-05],[102426.0,0.01945253],[102425.2,0.00110216],[102425.0,0.01751],[102424.1,1.501e-05],[102422.2,0.00219942],[102422.0,0.00276454],[102421.8,0.01928052]],"asks":[[102427.1,0.12976318],[102427.2,0.114645],[102427.3,0.02837099],[102427.6,0.06921777],[102427.7,0.11],[102427.8,5.569e-05],[102427.9,0.1],[102428.0,0.01755569],[102428.5,0.01602342],[102430.1,0.46041716],[102430.2,0.1000778],[102430.3,0.2112439],[102430.4,0.13912884],[102430.5,0.1000778],[102430.6,0.1],[102430.7,0.1],[102430.8,0.1],[102430.9,0.12578125],[102431.0,0.0175],[102431.9,0.02107763]]},"raw":{}}
{"exchange":"okx","instance_id":"A","symbol":"BTC-USD","event_ts":1762349860.802,"seq":7218585029844993,"depth":{"last_seq":7218585029844993,"bids":[[102430.0,0.01109898],[102429.2,0.1],[102429.1,0.1],[102429.0,0.0175],[102428.4,0.00258416],[102428.2,0.00251293],[102428.0,0.0175],[102427.9,0.00084697],[102427.6,1e-05],[102427.2,0.00094225],[102427.1,3.373e-05],[102427.0,0.18319444],[102426.2,1e-05],[102426.0,0.01945253],[102425.2,0.00110216],[102425.0,0.01751],[102424.1,1.501e-05],[102422.2,0.00219942],[102422.0,0.00276454],[102421.8,0.01928052]],"asks":[[102427.1,0.13813153],[102427.2,0.114645],[102427.3,0.02837099],[102427.6,0.06921777],[102427.7,0.11],[102427.8,5.569e-05],[102427.9,0.1],[102428.0,0.01755569],[102428.5,0.01607911],[102430.1,0.46041716],[102430.2,0.1000778],[102430.3,0.2112439],[102430.4,0.13912884],[102430.5,0.1000778],[102430.6,0.1],[102430.7,0.1],[102430.8,0.1],[102430.9,0.12578125],[102431.0,0.0175],[102431.9,0.02107763]]},"raw":{}}
{"exchange":"okx","instance_id":"A","symbol":"BTC-USD","event_ts":1762349860.902,"seq":7218585030254593,"depth":{"last_seq":7218585030254593,"bids":[[102430.0,0.01109898],[102429.2,0.1],[102429.1,0.1],[102429.0,0.0175],[102428.4,0.00258416],[102428.2,0.00251293],[102428.0,0.0175],[102427.9,0.00084697],[102427.6,1e-05],[102427.2,0.00094225],[102427.1,3.373e-05],[102427.0,0.18062503],[102426.2,1e-05],[102426.0,0.01945253],[102425.2,0.00110216],[102425.0,0.01751],[102424.1,1.501e-05],[102422.2,0.00219942],[102422.0,0.00276454],[102421.8,0.01928052]],"asks":[[102427.1,0.15813422],[102427.2,0.114645],[102427.3,0.02837099],[102427.6,0.06921777],[102427.7,0.11],[102427.8,5.569e-05],[102427.9,0.1],[102428.0,0.01755569],[102428.5,0.01607911],[102430.1,0.46041716],[102430.2,0.1000778],[102430.3,0.2112439],[102430.4,0.13912884],[102430.5,0.1000778],[102430.6,0.1],[102430.7,0.1],[102430.8,0.1],[102430.9,0.12578125],[102431.0,0.0175],[102431.9,0.02107763]]},"raw":{}}
{"exchange":"okx","instance_id":"A","symbol":"BTC-USD","event_ts":1762349861.002,"seq":7218585030664193,"depth":{"last_seq":7218585030664193,"bids":[[102430.0,0.01109898],[102429.2,0.1],[102429.1,0.1],[102429.0,0.0175],[102428.4,0.00258416],[102428.2,0.00251293],[102428.0,0.0175],[102427.9,0.00084697],[102427.6,1e-05],[102427.2,0.00094225],[102427.1,3.373e-05],[102427.0,0.18062503],[102426.2,1e-05],[102426.0,0.01945253],[102425.2,0.00110216],[102425.0,0.01751],[102424.1,1.501e-05],[102422.2,0.00219942],[102422.0,0.00276454],[102421.8,0.01928052]],"asks":[[102427.1,0.25813422],[102427.2,0.114645],[102427.3,0.02837099],[102427.6,0.04593587],[102427.7,0.11],[102427.8,5.569e-05],[102427.9,0.1],[102428.0,0.01755569],[102428.5,0.01607911],[102430.1,0.46041716],[102430.2,0.1000778],[102430.3,0.2112439],[102430.4,0.13912884],[102430.5,0.1000778],[102430.6,0.1],[102430.7,0.1],[102430.8,0.1],[102430.9,0.12578125],[102431.0,0.0175],[102431.9,0.02107763]]},"raw":{}}
{"exchange":"okx","instance_id":"A","symbol":"BTC-USD","event_ts":1762349861.102,"seq":7218585031073793,"depth":{"last_seq":7218585031073793,"bids":[[102430.0,0.01109898],[102429.2,0.1],[102429.1,0.1],[102429.0,0.0175],[102428.4,0.00258416],[102428.2,0.00251293],[102428.0,0.0175],[102427.9,0.00084697],[102427.6,1e-05],[102427.2,0.00094225],[102427.1,3.373e-05],[102427.0,0.0891012],[102426.2,1e-05],[102426.0,0.01945253],[102425.2,0.00110216],[102425.0,0.01751],[102424.1,1.501e-05],[102422.2,0.00219942],[102422.0,0.00276454],[102421.8,0.01928052]],"asks":[[102427.1,0.31661039],[102427.2,0.114645],[102427.3,0.02837099],[102427.6,0.07290645],[102427.7,0.11],[102427.8,5.569e-05],[102427.9,0.1],[102428.0,0.01755569],[102428.5,0.01607911],[102430.1,0.46041716],[102430.2,0.1000778],[102430.3,0.2112439],[102430.4,0.13912884],[102430.5,0.1000778],[102430.6,0.1],[102430.7,0.1],[102430.8,0.1],[102430.9,0.12578125],[102431.0,0.0175],[102431.9,0.02107763]]},"raw":{}}
{"exchange":"okx","instance_id":"A","symbol":"BTC-USD","event_ts":1762349861.202,"seq":7218585031483393,"depth":{"last_seq":7218585031483393,"bids":[[102430.0,0.01109898],[102429.2,0.1],[102429.1,0.1],[102429.0,0.0175],[102428.4,0.00258416],[102428.2,0.00251293],[102428.0,0.0175],[102427.9,0.00084697],[102427.6,1e-05],[102427.2,0.00094225],[102427.1,3.373e-05],[102427.0,0.0891012],[102426.2,1e-05],[102426.0,0.02460311],[102425.2,0.00110216],[102425.0,0.01751],[102424.1,1.501e-05],[102424.0,0.0175],[102422.2,0.00219942],[102422.0,0.00276454]],"asks":[[102426.1,0.55010589],[102426.8,0.02896142],[102426.9,0.37176694],[102427.0,0.2275],[102427.1,0.13253335],[102427.2,0.114645],[102427.3,0.02837099],[102427.6,0.07290645],[102427.7,0.11],[102427.8,5.569e-05],[102427.9,0.1],[102428.0,0.01755569],[102428.5,0.01607911],[102430.1,0.46041716],[102430.2,0.1000778],[102430.3,0.2112439],[102430.4,0.13912884],[102430.5,0.1000778],[102430.6,0.1],[102430.7,0.1]]},"raw":{}}
{"exchange":"okx","instance_id":"A","symbol":"BTC-USD","event_ts":1762349861.302,"seq":7218585031892993,"depth":{"last_seq":7218585031892993,"bids":[[102430.0,0.01109898],[102429.2,0.1],[102429.1,0.1],[102429.0,0.0175],[102428.4,0.00258416],[102428.2,0.00251293],[102428.0,0.0175],[102427.9,0.00084697],[102427.6,1e-05],[102427.2,0.00094225],[102427.1,3.373e-05],[102427.0,0.0891012],[102426.2,1e-05],[102426.0,0.02460017],[102425.2,0.00110216],[102425.0,0.01751],[102424.1,1.501e-05],[102424.0,0.0175],[102422.2,0.00219942],[102422.0,0.00276454]],"asks":[[102426.1,0.57389433],[102426.8,0.02896142],[102426.9,0.16648869],[102427.0,0.1175],[102427.1,0.12770335],[102427.2,0.114645],[102427.3,0.02837099],[102427.6,0.07290645],[102427.7,0.11],[102427.8,5.569e-05],[102427.9,0.1],[102428.0,0.01755569],[102428.5,0.01607911],[102430.1,0.46041716],[102430.2,0.1000778],[102430.3,0.2112439],[102430.4,0.13912884],[102430.5,0.1000778],[102430.6,0.1],[102430.7,0.1]]},"raw":{}}
{"exchange":"okx","instance_id":"A","symbol":"BTC-USD","event_ts":1762349861.402,"seq":7218585032302593,"depth":{"last_seq":7218585032302593,"bids":[[102430.0,0.01109898],[102429.2,0.1],[102429.1,0.1],[102429.0,0.0175],[102428.4,0.00258416],[102428.2,0.00251293],[102428.0,0.0175],[102427.9,0.00084697],[102427.6,1e-05],[102427.2,0.00094225],[102427.1,3.373e-05],[102427.0,0.0891012],[102426.2,1e-05],[102426.0,0.05920017],[102425.2,0.0017229],[102425.0,0.01751],[102424.1,1.501e-05],[102424.0,0.0175],[102422.2,0.00219942],[102422.0,0.00276454]],"asks":[[102426.1,0.47424477],[102426.8,0.05792284],[102426.9,0.16648869],[102427.0,0.1175],[102427.1,0.12770335],[102427.2,0.114645],[102427.3,0.02837099],[102427.6,0.07290645],[102427.7,0.11],[102427.8,5.569e-05],[102427.9,0.1],[102428.0,0.01755569],[102428.5,0.01607911],[102430.1,0.46041716],[102430.2,0.1000778],[102430.3,0.2112439],[102430.4,0.13912884],[102430.5,0.1000778],[102430.6,0.1],[102430.7,0.1]]},"raw":{}}
{"exchange":"okx","instance_id":"A","symbol":"BTC-USD","event_ts":1762349861.502,"seq":7218585032712193,"depth":{"last_seq":7218585032712193,"bids":[[102430.0,0.01109898],[102429.2,0.1],[102429.1,0.1],[102429.0,0.0175],[102428.4,0.00258416],[102428.2,0.00251293],[102428.0,0.0175],[102427.9,0.00084697],[102427.6,1e-05],[102427.2,0.00094225],[102427.1,3.373e-05],[102427.0,0.0891012],[102426.2,1e-05],[102426.0,0.05920017],[102425.2,0.0017229],[102425.0,0.01751],[102424.1,1.501e-05],[102424.0,0.0175],[102422.2,0.00219942],[102422.0,0.00276454]],"asks":[[102418.8,0.15990417],[102418.9,0.02386393],[102419.0,0.0175],[102419.7,0.0283731],[102420.0,0.0175],[102426.1,0.47424477],[102426.8,0.05792284],[102426.9,0.16648869],[102427.0,0.1175],[102427.1,0.12770335],[102427.2,0.114645],[102427.3,0.02837099],[102427.6,0.07290645],[102427.7,0.11],[102427.8,5.569e-05],[102427.9,0.1],[102428.0,0.01755569],[102428.5,0.01607911],[102430.1,0.46041716],[102430.2,0.1000778]]},"raw":{}}
{"exchange":"okx","instance_id":"A","symbol":"BTC-USD","event_ts":1762349861.602,"seq":7218585033121793,"depth":{"last_seq":7218585033121793,"bids":[[102430.0,0.01109898],[102429.2,0.1],[102429.1,0.1],[102429.0,0.0175],[102428.4,0.00258416],[102428.2,0.00251293],[102428.0,0.0175],[102427.9,0.00084697],[102427.6,1e-05],[102427.2,0.00094225],[102427.1,3.373e-05],[102427.0,0.0891012],[102426.2,1e-05],[102426.0,0.05920017],[102425.2,0.0017229],[102425.0,0.01751],[102424.1,1.501e-05],[102424.0,0.0175],[102422.2,0.00219942],[102422.0,0.00276454]],"asks":[[102418.8,0.14683252],[102418.9,0.01567125],[102419.0,0.0175],[102419.7,0.0283731],[102420.0,0.0175],[102421.0,0.0175],[102426.1,0.47424477],[102426.8,0.05792284],[102426.9,0.16648869],[102427.0,0.1175],[102427.1,0.12770335],[102427.2,0.114645],[102427.3,0.02837099],[102427.6,0.07290645],[102427.7,0.11],[102427.8,5.569e-05],[102427.9,0.1],[102428.0,0.01755569],[102428.5,0.01607911],[102430.1,0.46041716]]},"raw":{}}
{"exchange":"okx","instance_id":"A","symbol":"BTC-USD","event_ts":1762349861.702,"seq":7218585033531393,"depth":{"last_seq":7218585033531393,"bids":[[102430.0,0.01109898],[102429.2,0.1],[102429.1,0.1],[102429.0,0.0175],[102428.4,0.00258416],[102428.2,0.00251293],[102428.0,0.0175],[102427.9,0.00084697],[102427.6,1e-05],[102427.2,0.00094225],[102427.1,3.373e-05],[102427.0,0.0891012],[102426.2,1e-05],[102426.0,0.05920017],[102425.2,0.0017229],[102425.0,0.01751],[102424.1,1.501e-05],[102424.0,0.0175],[102422.2,0.00219942],[102422.0,0.00276454]],"asks":[[102418.8,0.14760252],[102418.9,0.01567125],[102419.0,0.0175],[102419.7,0.0283731],[102420.0,0.0175],[102421.0,0.0175],[102426.1,0.47424477],[102426.8,0.05792284],[102426.9,0.16648869],[102427.0,0.1175],[102427.1,0.12770335],[102427.2,0.114645],[102427.3,0.02837099],[102427.6,0.07290645],[102427.7,0.11],[102427.8,5.569e-05],[102427.9,0.1],[102428.0,0.01755569],[102428.5,0.01607911],[102430.1,0.46041716]]},"raw":{}}
{"exchange":"okx","instance_id":"A","symbol":"BTC-USD","event_ts":1762349861.802,"seq":7218585033940993,"depth":{"last_seq":7218585033940993,"bids":[[102430.0,0.01109898],[102429.2,0.1],[102429.1,0.1],[102429.0,0.0175],[102428.4,0.00258416],[102428.2,0.00251293],[102428.0,0.0175],[102427.9,0.00084697],[102427.6,1e-05],[102427.2,0.00094225],[102427.1,3.373e-05],[102427.0,0.0891012],[102426.2,1e-05],[102426.0,0.05920017],[102425.2,0.0017229],[102425.0,0.01751],[102424.1,1.501e-05],[102424.0,0.0175],[102422.2,0.00219942],[102422.0,0.00276454]],"asks":[[102418.8,0.02861766],[102418.9,0.01567125],[102419.0,0.0175],[102419.7,0.0283731],[102419.9,0.0104475],[102420.0,0.0175],[102421.0,0.0175],[102424.0,0.0175],[102426.1,0.47424477],[102426.8,0.05792284],[102426.9,0.16648869],[102427.0,0.1175],[102427.1,0.12770335],[102427.2,0.114645],[102427.3,0.02837099],[102427.6,0.07290645],[102427.7,0.11],[102427.8,5.569e-05],[102427.9,0.1],[102428.0,0.01755569]]},"raw":{}}
{"exchange":"okx","instance_id":"A","symbol":"BTC-USD","event_ts":1762349861.902,"seq":7218585034350593,"depth":{"last_seq":7218585034350593,"bids":[[102430.0,0.01109898],[102429.2,0.1],[102429.1,0.1],[102429.0,0.0175],[102428.4,0.00258416],[102428.2,0.00251293],[102428.0,0.0175],[102427.9,0.00084697],[102427.6,1e-05],[102427.2,0.00094225],[102427.1,3.373e-05],[102427.0,0.0891012],[102426.2,1e-05],[102426.0,0.05920017],[102425.2,0.0017229],[102425.0,0.01751],[102424.1,1.501e-05],[102424.0,0.0175],[102422.2,0.00219942],[102422.0,0.00276454]],"asks":[[102418.8,0.02861766],[102418.9,0.01567125],[102419.0,0.0175],[102419.7,0.0283731],[102419.9,0.0104475],[102420.0,0.0175],[102421.0,0.0175],[102424.0,0.0175],[102425.8,0.00718556],[102426.1,0.47424477],[102426.8,0.05792284],[102426.9,0.16648869],[102427.0,0.1175],[102427.1,0.12770335],[102427.2,0.114645],[102427.3,0.02837099],[102427.6,0.07290645],[102427.7,0.11],[102427.8,5.569e-05],[102427.9,0.1]]},"raw":{}}
{"exchange":"okx","instance_id":"A","symbol":"BTC-USD","event_ts":1762349862.002,"seq":7218585034760193,"depth":{"last_seq":7218585034760193,"bids":[[102430.0,0.01109898],[102429.2,0.1],[102429.1,0.1],[102429.0,0.0175],[102428.4,0.00258416],[102428.2,0.00251293],[102428.0,0.0175],[102427.9,0.00084697],[102427.6,1e-05],[102427.2,0.00094225],[102427.1,3.373e-05],[102427.0,0.0891012],[102426.2,1e-05],[102426.0,0.05920017],[102425.2,0.0017229],[102425.0,0.01751],[102424.1,1.501e-05],[102424.0,0.0175],[102422.2,0.00219942],[102422.0,0.00276454]],"asks":[[102418.8,0.03746662],[102418.9,0.01567125],[102419.0,0.0175],[102419.7,0.0283731],[102419.9,0.0104475],[102420.0,0.0175],[102421.0,0.0175],[102424.0,0.0175],[102425.4,0.00884896],[102425.8,0.00718556],[102426.1,0.47424477],[102426.8,0.05792284],[102426.9,0.16648869],[102427.0,0.1175],[102427.1,0.12770335],[102427.2,0.114645],[102427.3,0.02837099],[102427.6,0.07290645],[102427.7,0.11],[102427.8,5.569e-05]]},"raw":{}}
{"exchange":"okx","instance_id":"A","symbol":"BTC-USD","event_ts":1762349862.102,"seq":7218585035169793,"depth":{"last_seq":7218585035169793,"bids":[[102430.0,0.01109898],[102429.2,0.1],[102429.1,0.1],[102429.0,0.0175],[102428.4,0.00258416],[102428.2,0.00251293],[102428.0,0.0175],[102427.9,0.00084697],[102427.6,1e-05],[102427.2,0.00094225],[102427.1,3.373e-05],[102427.0,0.0891012],[102426.2,1e-05],[102426.0,0.05920017],[102425.2,0.0017229],[102425.0,0.01751],[102424.1,1.501e-05],[102424.0,0.0175],[102422.2,0.00219942],[102422.0,0.00276454]],"asks":[[102418.8,0.00395384],[102418.9,0.01567125],[102419.0,0.0175],[102419.7,0.0283731],[102419.9,0.0104475],[102420.0,0.0175],[102421.0,0.0175],[102424.0,0.0175],[102425.0,0.0087152],[102425.2,0.07440891],[102425.4,0.00884896],[102425.8,0.00718556],[102426.1,0.47424477],[102426.8,0.05792284],[102426.9,0.16648869],[102427.0,0.1175],[102427.1,0.12770335],[102427.2,0.114645],[102427.3,0.02837099],[102427.6,0.07290645]]},"raw":{}}
{"exchange":"okx","instance_id":"A","symbol":"BTC-USD","event_ts":1762349862.202,"seq":7218585035579393,"depth":{"last_seq":7218585035579393,"bids":[[102430.0,0.01109898],[102429.2,0.1],[102429.1,0.1],[102429.0,0.0175],[102428.4,0.00258416],[102428.2,0.00251293],[102428.0,0.0175],[102427.9,0.00084697],[102427.6,1e-05],[102427.2,0.00094225],[102427.1,3.373e-05],[102427.0,0.0891012],[102426.2,1e-05],[102426.0,0.05920017],[102425.2,0.0017229],[102425.0,0.01751],[102424.1,1.501e-05],[102424.0,0.0175],[102422.2,0.00219942],[102422.0,0.00276454]],"asks":[[102418.8,0.00395384],[102418.9,0.01567125],[102419.0,0.0175],[102419.7,0.0283731],[102419.9,0.0104475],[102420.0,0.0175],[102421.0,0.0175],[102424.0,0.0175],[102425.0,0.00868759],[102425.2,0.06722335],[102425.4,0.00884896],[102425.8,0.00718556],[102426.1,0.47424477],[102426.8,0.05792284],[102426.9,0.16648869],[102427.0,0.1175],[102427.1,0.12770335],[102427.2,0.114645],[102427.3,0.02837099],[102427.6,0.07290645]]},"raw":{}}
{"exchange":"okx","instance_id":"A","symbol":"BTC-USD","event_ts":1762349862.302,"seq":7218585035988993,"depth":{"last_seq":7218585035988993,"bids":[[102430.0,0.01109898],[102429.2,0.1],[102429.1,0.1],[102429.0,0.0175],[102428.4,0.00258416],[102428.2,0.00251293],[102428.0,0.0175],[102427.9,0.00084697],[102427.6,1e-05],[102427.2,0.00094225],[102427.1,3.373e-05],[102427.0,0.0891012],[102426.2,1e-05],[102426.0,0.05920017],[102425.2,0.0017229],[102425.0,0.01751],[102424.1,1.501e-05],[102424.0,0.0175],[102422.2,0.00219942],[102422.0,0.00276454]],"asks":[[102418.8,0.00395384],[102418.9,0.01567125],[102419.0,0.0175],[102419.7,0.0283731],[102419.9,0.0104475],[102420.0,0.0175],[102421.0,0.0175],[102424.0,0.0175],[102424.9,0.00718556],[102425.0,0.00868759],[102425.2,0.06722335],[102425.4,0.00884896],[102425.8,0.00718556],[102426.1,0.47424477],[102426.8,0.05792284],[102426.9,0.16648869],[102427.0,0.1175],[102427.1,0.12770335],[102427.2,0.114645],[102427.3,0.02837099]]},"raw":{}}
{"exchange":"okx","instance_id":"A","symbol":"BTC-USD","event_ts":1762349862.402,"seq":7218585036398593,"depth":{"last_seq":7218585036398593,"bids":[[102430.0,0.01109898],[102429.2,0.1],[102429.1,0.1],[102429.0,0.0175],[102428.4,0.00258416],[102428.2,0.00251293],[102428.0,0.0175],[102427.9,0.00084697],[102427.6,1e-05],[102427.2,0.00094225],[102427.1,3.373e-05],[102427.0,0.0891012],[102426.2,1e-05],[102426.0,0.05920017],[102425.2,0.0017229],[102425.0,0.01751],[102424.1,1.501e-05],[102424.0,0.0175],[102422.2,0.00219942],[102422.0,0.00276454]],"asks":[[102418.8,0.00395384],[102418.9,0.01567125],[102419.0,0.0175],[102419.7,0.0283731],[102419.9,0.0104475],[102420.0,0.0175],[102421.0,0.0175],[102424.0,0.0175],[102424.9,0.00718556],[102425.0,0.00868759],[102425.2,0.04850924],[102425.4,0.00884896],[102425.8,0.00718556],[102426.1,0.47424477],[102426.8,0.05792284],[102426.9,0.16648869],[102427.0,0.1175],[102427.1,0.12770335],[102427.2,0.114645],[102427.3,0.02837099]]},"raw":{}}
{"exchange":"okx","instance_id":"A","symbol":"BTC-USD","event_ts":1762349862.502,"seq":7218585036808193,"depth":{"last_seq":7218585036808193,"bids":[[102430.0,0.01109898],[102429.2,0.1],[102429.1,0.1],[102429.0,0.0175],[102428.4,0.00258416],[102428.2,0.00251293],[102428.0,0.0175],[102427.9,0.00084697],[102427.6,1e-05],[102427.2,0.00094225],[102427.1,3.373e-05],[102427.0,0.0891012],[102426.2,1e-05],[102426.0,0.05920017],[102425.2,0.0017229],[102425.0,0.01751],[102424.1,1.501e-05],[102424.0,0.0175],[102422.2,0.00219942],[102422.0,0.00276454]],"asks":[[102418.8,0.00395384],[102418.9,0.01567125],[102419.0,0.0175],[102419.7,0.0283731],[102419.9,0.0104475],[102420.0,0.0175],[102421.0,0.0175],[102423.2,1e-05],[102424.0,0.0175],[102424.7,0.00870049],[102424.9,0.00718556],[102425.0,0.00868759],[102425.2,0.04850924],[102425.4,0.00884896],[102425.8,0.00718556],[102426.1,0.47424477],[102426.8,0.05792284],[102426.9,0.16648869],[102427.0,0.1175],[102427.1,0.12770335]]},"raw":{}}
{"exchange":"okx","instance_id":"A","symbol":"BTC-USD","event_ts":1762349862.602,"seq":7218585037217793,"depth":{"last_seq":7218585037217793,"bids":[[102430.0,0.01109898],[102429.2,0.1],[102429.1,0.1],[102429.0,0.0175],[102428.4,0.00258416],[102428.2,0.00251293],[102428.0,0.0175],[102427.9,0.00084697],[102427.6,1e-05],[102427.2,0.00094225],[102427.1,3.373e-05],[102427.0,0.0891012],[102426.2,1e-05],[102426.0,0.05920017],[102425.2,0.0017229],[102425.0,0.01751],[102424.1,1.501e-05],[102424.0,0.0175],[102422.2,0.00219942],[102422.0,0.00276454]],"asks":[[102418.8,0.00395384],[102418.9,0.01567125],[102419.0,0.0175],[102419.7,0.0283731],[102419.9,0.0104475],[102420.0,0.0175],[102421.0,0.0175],[102423.2,1e-05],[102424.0,0.0175],[102424.7,0.00870049],[102424.9,0.00718556],[102425.0,0.00868759],[102425.2,0.04850924],[102425.4,0.00884896],[102425.8,0.00718556],[102426.1,0.47424477],[102426.8,0.05792284],[102426.9,0.16648869],[102427.0,0.1175],[102427.1,0.12770335]]},"raw":{}}
{"exchange":"okx","instance_id":"A","symbol":"BTC-USD","event_ts":1762349862.702,"seq":7218585037627393,"depth":{"last_seq":7218585037627393,"bids":[[102430.0,0.01109898],[102429.2,0.1],[102429.1,0.1],[102429.0,0.0175],[102428.4,0.00258416],[102428.2,0.00251293],[102428.0,0.0175],[102427.9,0.00084697],[102427.6,1e-05],[102427.2,0.00094225],[102427.1,3.373e-05],[102427.0,0.0891012],[102426.2,1e-05],[102426.0,0.05920017],[102425.2,0.0017229],[102425.0,0.01751],[102424.1,1.501e-05],[102424.0,0.0175],[102422.2,0.00219942],[102422.0,0.00276454]],"asks":[[102418.8,0.00401917],[102418.9,0.01567125],[102419.0,0.0175],[102419.7,0.0283731],[102419.9,0.0104475],[102420.0,0.0175],[102421.0,0.01756533],[102423.2,7.533e-05],[102424.0,0.01756533],[102424.5,0.00867539],[102424.7,0.00870049],[102424.9,0.00718556],[102425.0,0.00868759],[102425.2,0.04850924],[102425.4,0.00884896],[102425.8,0.00718556],[102426.1,0.47424477],[102426.8,0.05792284],[102426.9,0.16648869],[102427.0,0.1175]]},"raw":{}}
{"exchange":"okx","instance_id":"A","symbol":"BTC-USD","event_ts":1762349862.802,"seq":7218585038036993,"depth":{"last_seq":7218585038036993,"bids":[[102430.0,0.01109898],[102429.2,0.1],[102429.1,0.1],[102429.0,0.0175],[102428.4,0.00258416],[102428.2,0.00251293],[102428.0,0.0175],[102427.9,0.00084697],[102427.6,1e-05],[102427.2,0.00094225],[102427.1,3.373e-05],[102427.0,0.0891012],[102426.2,1e-05],[102426.0,0.05920017],[102425.2,0.0017229],[102425.0,0.01751],[102424.1,1.501e-05],[102424.0,0.0175],[102422.2,0.00219942],[102422.0,0.00276454]],"asks":[[102418.8,0.00401917],[102418.9,0.01567125],[102419.0,0.0175],[102419.7,0.0283731],[102419.9,0.0104475],[102420.0,0.0175],[102421.0,6.533e-05],[102423.2,7.533e-05],[102423.6,0.0087037],[102423.8,0.0087037],[102424.0,0.01756533],[102424.5,0.00867539],[102424.7,0.00870049],[102424.9,0.00718556],[102425.0,0.00868759],[102425.2,0.04850924],[102425.4,0.00884896],[102425.8,0.00718556],[102426.1,0.47424477],[102426.8,0.05792284]]},"raw":{}}
{"exchange":"okx","instance_id":"A","symbol":"BTC-USD","event_ts":1762349862.902,"seq":7218585038446593,"depth":{"last_seq":7218585038446593,"bids":[[102430.0,0.01109898],[102429.2,0.1],[102429.1,0.1],[102429.0,0.0175],[102428.4,0.00258416],[102428.2,0.00251293],[102428.0,0.0175],[102427.9,0.00084697],[102427.6,1e-05],[102427.2,0.00094225],[102427.1,3.373e-05],[102427.0,0.0891012],[102426.2,1e-05],[102426.0,0.05920017],[102425.2,0.0017229],[102425.0,0.01751],[102424.1,1.501e-05],[102424.0,0.0175],[102422.2,0.00219942],[102422.0,0.00276454]],"asks":[[102418.8,0.00401917],[102418.9,0.01567125],[102419.0,0.0175],[102419.7,0.0283731],[102419.9,0.0104475],[102420.0,0.0175],[102421.0,6.533e-05],[102423.2,7.533e-05],[102423.4,0.0087037],[102423.6,0.0087037],[102423.8,0.0087037],[102424.0,0.01756533],[102424.5,0.00867539],[102424.7,0.00870049],[102424.9,0.00718556],[102425.0,0.00868759],[102425.2,0.04850924],[102425.4,0.00884896],[102425.8,0.00718556],[102426.1,0.47424477]]},"raw":{}}
{"exchange":"okx","instance_id":"A","symbol":"BTC-USD","event_ts":1762349863.002,"seq":7218585038856193,"depth":{"last_seq":7218585038856193,"bids":[[102430.0,0.01109898],[102429.2,0.1],[102429.1,0.1],[102429.0,0.0175],[102428.4,0.00258416],[102428.2,0.00251293],[102428.0,0.0175],[102427.9,0.00084697],[102427.6,1e-05],[102427.2,0.00094225],[102427.1,3.373e-05],[102427.0,0.0891012],[102426.2,1e-05],[102426.0,0.05920017],[102425.2,0.0017229],[102425.0,0.01751],[102424.1,1.501e-05],[102424.0,0.0175],[102422.2,0.00219942],[102422.0,0.00276454]],"asks":[[102418.8,0.00401917],[102418.9,0.01567125],[102419.0,0.0175],[102419.7,0.0283731],[102419.9,0.0104475],[102420.0,0.0175],[102421.0,6.533e-05],[102423.2,0.00359684],[102423.4,0.0087037],[102423.6,0.0087037],[102423.8,0.0087037],[102424.0,0.01756533],[102424.5,0.00867539],[102424.7,0.00870049],[102424.9,0.00718556],[102425.0,0.00868759],[102425.2,0.04850924],[102425.4,0.00884896],[102425.8,0.00718556],[102426.1,0.47424477]]},"raw":{}}
{"exchange":"okx","instance_id":"A","symbol":"BTC-USD","event_ts":1762349863.102,"seq":7218585039265793,"depth":{"last_seq":7218585039265793,"bids":[[102430.0,0.01109898],[102429.2,0.1],[102429.1,0.1],[102429.0,0.0175],[102428.4,0.00258416],[102428.2,0.00251293],[102428.0,0.0175],[102427.9,0.00084697],[102427.6,1e-05],[102427.2,0.00094225],[102427.1,3.373e-05],[102427.0,0.0891012],[102426.2,1e-05],[102426.0,0.05920017],[102425.2,0.0017229],[102425.0,0.01751],[102424.1,1.501e-05],[102424.0,0.0175],[102422.2,0.00219942],[102422.0,0.00276454]],"asks":[[102418.8,0.00401917],[102418.9,0.01567125],[102419.0,0.0175],[102419.7,0.0283731],[102419.9,0.0104475],[102420.0,0.0175],[102421.0,6.533e-05],[102423.2,7.533e-05],[102423.4,0.0087037],[102423.6,0.0087037],[102423.8,0.0087037],[102424.0,0.01756533],[102424.5,0.00867539],[102424.7,6.533e-05],[102424.9,0.00718556],[102425.0,0.00868759],[102425.2,0.04850924],[102425.4,0.00884896],[102425.8,0.00718556],[102426.1,0.47424477]]},"raw":{}}
{"exchange":"okx","instance_id":"A","symbol":"BTC-USD","event_ts":1762349863.202,"seq":7218585039675393,"depth":{"last_seq":7218585039675393,"bids":[[102430.0,0.01109898],[102429.2,0.1],[102429.1,0.1],[102429.0,0.0175],[102428.4,0.00258416],[102428.2,0.00251293],[102428.0,0.0175],[102427.9,0.00084697],[102427.6,1e-05],[102427.2,0.00094225],[102427.1,3.373e-05],[102427.0,0.0891012],[102426.2,1e-05],[102426.0,0.05920017],[102425.2,0.0017229],[102425.0,0.01751],[102424.1,1.501e-05],[102424.0,0.0175],[102422.2,0.00219942],[102422.0,0.00276454]],"asks":[[102418.8,0.00401917],[102418.9,0.01567125],[102419.0,0.0175],[102419.7,0.0283731],[102419.9,0.0104475],[102420.0,0.0175],[102421.0,6.533e-05],[102423.2,7.533e-05],[102423.4,0.0087037],[102423.6,0.0087037],[102423.8,0.0087037],[102424.0,0.01756533],[102424.5,0.00867539],[102424.7,6.533e-05],[102424.9,0.00718556],[102425.0,0.00868759],[102425.2,0.04850924],[102425.4,0.00884896],[102425.8,0.00718556],[102426.1,0.47424477]]},"raw":{}}
{"exchange":"okx","instance_id":"A","symbol":"BTC-USD","event_ts":1762349863.402,"seq":7218585040494593,"depth":{"last_seq":7218585040494593,"bids":[[102430.0,0.01109898],[102429.2,0.1],[102429.1,0.1],[102429.0,0.0175],[102428.4,0.00258416],[102428.2,0.00251293],[102428.0,0.0175],[102427.9,0.00084697],[102427.6,1e-05],[102427.2,0.00094225],[102427.1,3.373e-05],[102427.0,0.0891012],[102426.2,1e-05],[102426.0,0.05920017],[102425.2,0.0017229],[102425.0,0.01751],[102424.1,1.501e-05],[102424.0,0.0175],[102422.2,0.00219942],[102422.0,0.00276454]],"asks":[[102418.8,0.00401917],[102418.9,0.01567125],[102419.0,0.0175],[102419.7,0.0283731],[102419.9,0.0104475],[102420.0,0.0175],[102421.0,6.533e-05],[102423.2,0.00876903],[102423.4,0.0087037],[102423.6,0.0087037],[102423.8,0.0087037],[102424.0,0.01756533],[102424.5,0.00867539],[102424.7,6.533e-05],[102424.9,0.00718556],[102425.0,0.00868759],[102425.2,0.04850924],[102425.4,0.00884896],[102425.8,0.00718556],[102426.1,0.47424477]]},"raw":{}}
{"exchange":"okx","instance_id":"A","symbol":"BTC-USD","event_ts":1762349863.502,"seq":7218585040904193,"depth":{"last_seq":7218585040904193,"bids":[[102430.0,0.01109898],[102429.2,0.1],[102429.1,0.1],[102429.0,0.0175],[102428.4,0.00258416],[102428.2,0.00251293],[102428.0,0.0175],[102427.9,0.00084697],[102427.6,1e-05],[102427.2,0.00094225],[102427.1,3.373e-05],[102427.0,0.0891012],[102426.2,1e-05],[102426.0,0.05920017],[102425.2,0.0017229],[102425.0,0.01751],[102424.1,1.501e-05],[102424.0,0.0175],[102422.2,0.00219942],[102422.0,0.00276454]],"asks":[[102418.8,0.01272287],[102418.9,0.01567125],[102419.0,0.0175],[102419.7,0.0283731],[102419.9,0.0104475],[102420.0,0.0175],[102421.0,6.533e-05],[102423.0,0.0087037],[102423.2,0.00876903],[102423.4,0.0087037],[102423.6,0.0087037],[102423.8,0.0087037],[102424.0,0.01756533],[102424.5,0.00867539],[102424.7,6.533e-05],[102424.9,0.00718556],[102425.0,0.00868759],[102425.2,0.04850924],[102425.4,0.00884896],[102425.8,0.00718556]]},"raw":{}}
{"exchange":"okx","instance_id":"A","symbol":"BTC-USD","event_ts":1762349863.602,"seq":7218585041313793,"depth":{"last_seq":7218585041313793,"bids":[[102430.0,0.01109898],[102429.2,0.1],[102429.1,0.1],[102429.0,0.0175],[102428.4,0.00258416],[102428.2,0.00251293],[102428.0,0.0175],[102427.9,0.00084697],[102427.6,1e-05],[102427.2,0.00094225],[102427.1,3.373e-05],[102427.0,0.0891012],[102426.2,1e-05],[102426.0,0.05920017],[102425.2,0.0017229],[102425.0,0.01751],[102424.1,1.501e-05],[102424.0,0.0175],[102422.2,0.00219942],[102422.0,0.00276454]],"asks":[[102418.8,0.00401917],[102418.9,0.01567125],[102419.0,0.0175],[102419.7,0.0283731],[102419.9,0.0104475],[102420.0,0.0175],[102421.0,0.01756533],[102423.0,0.0087037],[102423.2,0.00876903],[102423.4,0.0087037],[102423.6,0.0087037],[102423.8,0.0087037],[102424.0,0.01756533],[102424.5,0.00867539],[102424.7,6.533e-05],[102424.9,0.00718556],[102425.0,0.00868759],[102425.2,0.04850924],[102425.4,0.00884896],[102425.8,0.00718556]]},"raw":{}}
{"exchange":"okx","instance_id":"A","symbol":"BTC-USD","event_ts":1762349863.702,"seq":7218585041723393,"depth":{"last_seq":7218585041723393,"bids":[[102430.0,0.01109898],[102429.2,0.1],[102429.1,0.1],[102429.0,0.0175],[102428.4,0.00258416],[102428.2,0.00251293],[102428.0,0.0175],[102427.9,0.00084697],[102427.6,1e-05],[102427.2,0.00094225],[102427.1,3.373e-05],[102427.0,0.0891012],[102426.2,1e-05],[102426.0,0.05920017],[102425.2,0.0017229],[102425.0,0.01751],[102424.1,1.501e-05],[102424.0,0.0175],[102422.2,0.00219942],[102422.0,0.00276454]],"asks":[[102418.8,0.00401917],[102418.9,0.01567125],[102419.0,0.0175],[102419.7,0.0283731],[102419.9,0.0104475],[102420.0,0.0175],[102421.0,0.01756533],[102423.0,0.0087037],[102423.2,0.00876903],[102423.4,0.0087037],[102423.6,0.0087037],[102423.8,0.0087037],[102424.0,0.01756533],[102424.5,0.00867539],[102424.7,6.533e-05],[102424.9,0.00718556],[102425.0,0.00868759],[102425.2,0.04850924],[102425.4,0.00884896],[102425.8,0.00718556]]},"raw":{}}
{"exchange":"okx","instance_id":"A","symbol":"BTC-USD","event_ts":1762349863.802,"seq":7218585042132993,"depth":{"last_seq":7218585042132993,"bids":[[102430.0,0.01109898],[102429.2,0.1],[102429.1,0.1],[102429.0,0.0175],[102428.4,0.00258416],[102428.2,0.00251293],[102428.0,0.0175],[102427.9,0.00084697],[102427.6,1e-05],[102427.2,0.00094225],[102427.1,3.373e-05],[102427.0,0.0891012],[102426.2,1e-05],[102426.0,0.05920017],[102425.2,0.0017229],[102425.0,0.01751],[102424.1,1.501e-05],[102424.0,0.0175],[102422.2,0.00219942],[102422.0,0.00276454]],"asks":[[102418.8,0.00401917],[102418.9,0.01567125],[102419.0,0.0175],[102419.7,0.0283731],[102419.9,0.01568261],[102420.0,0.0175],[102421.0,0.01756533],[102423.0,0.0087037],[102423.2,0.00876903],[102423.4,0.0087037],[102423.6,0.0087037],[102423.8,0.0087037],[102424.0,0.01756533],[102424.5,0.00867539],[102424.7,6.533e-05],[102424.9,0.00718556],[102425.0,0.00868759],[102425.2,0.04850924],[102425.4,0.00884896],[102425.8,0.00718556]]},"raw":{}}
{"exchange":"okx","instance_id":"A","symbol":"BTC-USD","event_ts":1762349863.902,"seq":7218585042542593,"depth":{"last_seq":7218585042542593,"bids":[[102430.0,0.01109898],[102429.2,0.1],[102429.1,0.1],[102429.0,0.0175],[102428.4,0.00258416],[102428.2,0.00251293],[102428.0,0.0175],[102427.9,0.00084697],[102427.6,1e-05],[102427.2,0.00094225],[102427.1,3.373e-05],[102427.0,0.0891012],[102426.2,1e-05],[102426.0,0.05920017],[102425.2,0.0017229],[102425.0,0.01751],[102424.1,1.501e-05],[102424.0,0.0175],[102422.2,0.00219942],[102422.0,0.00276454]],"asks":[[102418.8,0.00401917],[102418.9,0.01567125],[102419.0,0.0175],[102419.7,0.0283731],[102419.9,0.01568261],[102420.0,0.0175],[102421.0,0.01756533],[102423.0,0.0087037],[102423.2,0.00876903],[102423.4,0.0087037],[102423.6,0.0087037],[102423.8,0.0087037],[102424.0,0.01756533],[102424.5,0.00867539],[102424.7,6.533e-05],[102424.9,0.00718556],[102425.0,0.00868759],[102425.2,0.04850924],[102425.4,0.00884896],[102425.8,0.00718556]]},"raw":{}}
{"exchange":"okx","instance_id":"A","symbol":"BTC-USD","event_ts":1762349864.002,"seq":7218585042952193,"depth":{"last_seq":7218585042952193,"bids":[[102430.0,0.01109898],[102429.2,0.1],[102429.1,0.1],[102429.0,0.0175],[102428.4,0.00258416],[102428.2,0.00251293],[102428.0,0.0175],[102427.9,0.00084697],[102427.6,1e-05],[102427.2,0.00094225],[102427.1,3.373e-05],[102427.0,0.0891012],[102426.2,1e-05],[102426.0,0.05920017],[102425.2,0.0017229],[102425.0,0.01751],[102424.1,1.501e-05],[102424.0,0.0175],[102422.2,0.00219942],[102422.0,0.00276454]],"asks":[[102418.8,0.00401917],[102418.9,0.01567125],[102419.0,0.0175],[102419.7,0.0283731],[102419.9,0.01568261],[102420.0,0.0175],[102421.0,0.01756533],[102422.9,0.09],[102423.0,0.0087037],[102423.2,0.00876903],[102423.4,0.0087037],[102423.6,0.0087037],[102423.8,0.0087037],[102424.0,0.01756533],[102424.5,0.00867539],[102424.7,6.533e-05],[102424.9,0.00718556],[102425.0,0.00868759],[102425.2,0.04850924],[102425.4,0.00884896]]},"raw":{}}
{"exchange":"okx","instance_id":"A","symbol":"BTC-USD","event_ts":1762349864.102,"seq":7218585043361793,"depth":{"last_seq":7218585043361793,"bids":[[102430.0,0.01109898],[102429.2,0.1],[102429.1,0.1],[102429.0,0.0175],[102428.4,0.00258416],[102428.2,0.00251293],[102428.0,0.0175],[102427.9,0.00084697],[102427.6,1e-05],[102427.2,0.00094225],[102427.1,3.373e-05],[102427.0,0.0891012],[102426.2,1e-05],[102426.0,0.05920017],[102425.2,0.0017229],[102425.0,0.01751],[102424.1,1.501e-05],[102424.0,0.0175],[102422.2,0.00219942],[102422.0,0.00276454]],"asks":[[102418.8,0.01272287],[102418.9,0.01567125],[102419.0,0.0175],[102419.7,0.0283731],[102419.9,0.01568261],[102420.0,0.0175],[102420.9,0.03732386],[102421.0,0.01756533],[102422.7,0.0087037],[102422.9,0.09],[102423.0,0.0087037],[102423.2,0.00876903],[102423.4,0.0087037],[102423.6,0.0087037],[102423.8,0.0087037],[102424.0,0.01756533],[102424.5,0.00867539],[102424.7,6.533e-05],[102424.9,0.00718556],[102425.0,0.00868759]]},"raw":{}}
{"exchange":"okx","instance_id":"A","symbol":"BTC-USD","event_ts":1762349864.202,"seq":7218585043771393,"depth":{"last_seq":7218585043771393,"bids":[[102430.0,0.01109898],[102429.2,0.1],[102429.1,0.1],[102429.0,0.0175],[102428.4,0.00258416],[102428.2,0.00251293],[102428.0,0.0175],[102427.9,0.00084697],[102427.6,1e-05],[102427.2,0.00094225],[102427.1,3.373e-05],[102427.0,0.0891012],[102426.2,1e-05],[102426.0,0.05920017],[102425.2,0.0017229],[102425.0,0.01751],[102424.1,1.501e-05],[102424.0,0.0175],[102422.2,0.00219942],[102422.0,0.00276454]],"asks":[[102418.8,0.00401917],[102418.9,0.01567125],[102419.0,0.0175],[102419.7,0.0283731],[102419.9,0.01568261],[102420.0,0.0175],[102420.9,0.03732386],[102421.0,0.01756533],[102422.7,0.0087037],[102422.9,0.09],[102423.0,0.0087037],[102423.2,0.00876903],[102423.4,0.0087037],[102423.6,0.0087037],[102423.8,0.0087037],[102424.0,0.01756533],[102424.5,0.00867539],[102424.7,6.533e-05],[102424.9,0.00718556],[102425.0,0.00868759]]},"raw":{}}
{"exchange":"okx","instance_id":"A","symbol":"BTC-USD","event_ts":1762349864.402,"seq":7218585044590593,"depth":{"last_seq":7218585044590593,"bids":[[102430.0,0.01109898],[102429.2,0.1],[102429.1,0.1],[102429.0,0.0175],[102428.4,0.00258416],[102428.2,0.00251293],[102428.0,0.0175],[102427.9,0.00084697],[102427.6,1e-05],[102427.2,0.00094225],[102427.1,3.373e-05],[102427.0,0.0891012],[102426.2,1e-05],[102426.0,0.05920017],[102425.2,0.0017229],[102425.0,0.01751],[102424.1,1.501e-05],[102424.0,0.0175],[102422.2,0.00219942],[102422.0,0.00276454]],"asks":[[102418.8,0.00401917],[102418.9,0.01567125],[102419.0,0.0175],[102419.7,0.0283731],[102419.9,0.01568261],[102420.0,0.0175],[102420.9,0.03732386],[102421.0,0.01756533],[102422.7,0.0087037],[102422.9,0.09],[102423.0,0.0087037],[102423.2,0.00876903],[102423.4,0.0087037],[102423.6,0.0087037],[102423.8,0.0087037],[102424.0,0.01756533],[102424.5,0.00867539],[102424.7,6.533e-05],[102424.9,0.00718556],[102425.0,0.00868759]]},"raw":{}}
{"exchange":"okx","instance_id":"A","symbol":"BTC-USD","event_ts":1762349864.502,"seq":7218585045000193,"depth":{"last_seq":7218585045000193,"bids":[[102430.0,0.01109898],[102429.2,0.1],[102429.1,0.1],[102429.0,0.0175],[102428.4,0.00258416],[102428.2,0.00251293],[102428.0,0.0175],[102427.9,0.00084697],[102427.6,1e-05],[102427.2,0.00094225],[102427.1,3.373e-05],[102427.0,0.0891012],[102426.2,1e-05],[102426.0,0.05920017],[102425.2,0.0017229],[102425.0,0.01751],[102424.1,1.501e-05],[102424.0,0.0175],[102422.2,0.00219942],[102422.0,0.00276454]],"asks":[[102418.8,0.00401917],[102418.9,0.01567125],[102419.0,0.0175],[102419.7,0.0283731],[102419.9,0.01568261],[102420.0,0.0175],[102420.9,0.03732386],[102421.0,0.01756533],[102422.7,0.0087037],[102422.9,0.09],[102423.0,0.0087037],[102423.2,0.00876903],[102423.4,0.0087037],[102423.6,0.0087037],[102423.8,0.0087037],[102424.0,0.01756533],[102424.5,0.00867539],[102424.7,6.533e-05],[102424.9,0.00718556],[102425.0,0.00868759]]},"raw":{}}
{"exchange":"okx","instance_id":"A","symbol":"BTC-USD","event_ts":1762349864.602,"seq":7218585045409793,"depth":{"last_seq":7218585045409793,"bids":[[102430.0,0.01109898],[102429.2,0.1],[102429.1,0.1],[102429.0,0.0175],[102428.4,0.00258416],[102428.2,0.00251293],[102428.0,0.0175],[102427.9,0.00084697],[102427.6,1e-05],[102427.2,0.00094225],[102427.1,3.373e-05],[102427.0,0.0891012],[102426.2,1e-05],[102426.0,0.05920017],[102425.2,0.0017229],[102425.0,0.01751],[102424.1,1.501e-05],[102424.0,0.0175],[102422.2,0.00219942],[102422.0,0.00276454]],"asks":[[102418.8,0.00401917],[102418.9,0.01567125],[102419.0,0.0175],[102419.7,0.0283731],[102419.9,0.01308754],[102420.0,0.0175],[102420.9,0.03732386],[102421.0,0.01756533],[102422.7,0.0087037],[102422.9,0.09],[102423.0,0.0087037],[102423.2,0.00876903],[102423.4,0.0087037],[102423.6,0.0087037],[102423.8,0.0087037],[102424.0,0.01756533],[102424.5,0.00867539],[102424.7,6.533e-05],[102424.9,0.00718556],[102425.0,0.00868759]]},"raw":{}}
{"exchange":"okx","instance_id":"A","symbol":"BTC-USD","event_ts":1762349864.702,"seq":7218585045819393,"depth":{"last_seq":7218585045819393,"bids":[[102430.0,0.01109898],[102429.2,0.1],[102429.1,0.1],[102429.0,0.0175],[102428.4,0.00258416],[102428.2,0.00251293],[102428.0,0.0175],[102427.9,0.00084697],[102427.6,1e-05],[102427.2,0.00094225],[102427.1,3.373e-05],[102427.0,0.0891012],[102426.2,1e-05],[102426.0,0.05920017],[102425.2,0.0017229],[102425.0,0.01751],[102424.1,1.501e-05],[102424.0,0.0175],[102422.2,0.00219942],[102422.0,0.00276454]],"asks":[[102418.8,0.16583995],[102418.9,0.01567125],[102419.0,0.0175],[102419.7,0.0283731],[102419.9,0.01308754],[102420.0,0.0175],[102420.9,0.03732386],[102421.0,0.01756533],[102422.7,0.0087037],[102422.9,0.09],[102423.0,0.0087037],[102423.2,0.00876903],[102423.4,0.0087037],[102423.6,0.0087037],[102423.8,0.0087037],[102424.0,0.01756533],[102424.5,0.00867539],[102424.7,6.533e-05],[102424.9,0.00718556],[102425.0,0.00868759]]},"raw":{}}
{"exchange":"okx","instance_id":"A","symbol":"BTC-USD","event_ts":1762349864.802,"seq":7218585046228993,"depth":{"last_seq":7218585046228993,"bids":[[102430.0,0.01109898],[102429.2,0.1],[102429.1,0.1],[102429.0,0.0175],[102428.4,0.00258416],[102428.2,0.00251293],[102428.0,0.0175],[102427.9,0.00084697],[102427.6,1e-05],[102427.2,0.00094225],[102427.1,3.373e-05],[102427.0,0.0891012],[102426.2,1e-05],[102426.0,0.05920017],[102425.2,0.0017229],[102425.0,0.01751],[102424.1,1.501e-05],[102424.0,0.0175],[102422.2,0.00219942],[102422.0,0.00276454]],"asks":[[102418.8,0.16583995],[102418.9,0.02376888],[102419.0,0.0175],[102419.7,0.0283731],[102419.9,0.01308754],[102420.0,0.0175],[102420.9,0.03732386],[102421.0,0.01756533],[102422.7,0.0087037],[102422.9,0.09],[102423.0,0.0087037],[102423.2,0.00876903],[102423.4,0.0087037],[102423.6,0.0087037],[102423.8,0.0087037],[102424.0,0.01756533],[102424.5,0.00867539],[102424.7,6.533e-05],[102424.9,0.00718556],[102425.0,0.00868759]]},"raw":{}}
{"exchange":"okx","instance_id":"A","symbol":"BTC-USD","event_ts":1762349864.902,"seq":7218585046638593,"depth":{"last_seq":7218585046638593,"bids":[[102430.0,0.01109898],[102429.2,0.1],[102429.1,0.1],[102429.0,0.0175],[102428.4,0.00258416],[102428.2,0.00251293],[102428.0,0.0175],[102427.9,0.00084697],[102427.6,1e-05],[102427.2,0.00094225],[102427.1,3.373e-05],[102427.0,0.0891012],[102426.2,1e-05],[102426.0,0.05920017],[102425.2,0.0017229],[102425.0,0.01751],[102424.1,1.501e-05],[102424.0,0.0175],[102422.2,0.00219942],[102422.0,0.00276454]],"asks":[[102418.8,0.17454365],[102418.9,0.02376888],[102419.0,0.0175],[102419.7,0.0283731],[102419.9,0.01308754],[102420.0,0.0175],[102420.9,0.03732386],[102421.0,0.01756533],[102422.7,0.0087037],[102422.9,0.09],[102423.0,0.0087037],[102423.2,0.00876903],[102423.4,0.0087037],[102423.6,0.0087037],[102423.8,0.0087037],[102424.0,0.01756533],[102424.5,0.00867539],[102424.7,6.533e-05],[102424.9,0.00718556],[102425.0,0.00868759]]},"raw":{}}
{"exchange":"okx","instance_id":"A","symbol":"BTC-USD","event_ts":1762349865.002,"seq":7218585047048193,"depth":{"last_seq":7218585047048193,"bids":[[102430.0,0.01109898],[102429.2,0.1],[102429.1,0.1],[102429.0,0.0175],[102428.4,0.00258416],[102428.2,0.00251293],[102428.0,0.0175],[102427.9,0.00084697],[102427.6,1e-05],[102427.2,0.00094225],[102427.1,3.373e-05],[102427.0,0.0891012],[102426.2,1e-05],[102426.0,0.05920017],[102425.2,0.0017229],[102425.0,0.01751],[102424.1,1.501e-05],[102424.0,0.0175],[102422.2,0.00219942],[102422.0,0.00276454]],"asks":[[102418.8,0.16583995],[102418.9,0.02376888],[102419.0,0.0175],[102419.7,0.0283731],[102419.9,0.01308754],[102420.0,0.0175],[102420.7,0.02698759],[102420.9,0.03732386],[102421.0,0.01756533],[102422.7,0.0087037],[102422.9,0.09],[102423.0,0.0087037],[102423.2,0.00876903],[102423.4,0.0087037],[102423.6,0.0087037],[102423.8,0.0087037],[102424.0,0.01756533],[102424.5,0.00867539],[102424.7,6.533e-05],[102424.9,0.00718556]]},"raw":{}}
{"exchange":"okx","instance_id":"A","symbol":"BTC-USD","event_ts":1762349865.102,"seq":7218585047457793,"depth":{"last_seq":7218585047457793,"bids":[[102430.0,0.01109898],[102429.2,0.1],[102429.1,0.1],[102429.0,0.0175],[102428.4,0.00258416],[102428.2,0.00251293],[102428.0,0.0175],[102427.9,0.00084697],[102427.6,1e-05],[102427.2,0.00094225],[102427.1,3.373e-05],[102427.0,0.0891012],[102426.2,1e-05],[102426.0,0.05920017],[102425.2,0.0017229],[102425.0,0.01751],[102424.1,1.501e-05],[102424.0,0.0175],[102422.2,0.00219942],[102422.0,0.00276454]],"asks":[[102418.8,0.16583995],[102418.9,0.02376888],[102419.0,0.0175],[102419.7,0.0283731],[102419.9,0.01308754],[102420.0,0.0175],[102420.7,0.02698759],[102420.9,0.03732386],[102421.0,0.01756533],[102422.7,0.0087037],[102422.9,0.09],[102423.0,0.0087037],[102423.2,0.00876903],[102423.4,0.0087037],[102423.6,0.0087037],[102423.8,0.0087037],[102424.0,0.01756533],[102424.5,0.00867539],[102424.7,6.533e-05],[102424.9,0.00718556]]},"raw":{}}
{"exchange":"okx","instance_id":"A","symbol":"BTC-USD","event_ts":1762349865.202,"seq":7218585047867393,"depth":{"last_seq":7218585047867393,"bids":[[102430.0,0.01109898],[102429.2,0.1],[102429.1,0.1],[102429.0,0.0175],[102428.4,0.00258416],[102428.2,0.00251293],[102428.0,0.0175],[102427.9,0.00084697],[102427.6,1e-05],[102427.2,0.00094225],[102427.1,3.373e-05],[102427.0,0.0891012],[102426.2,1e-05],[102426.0,0.05920017],[102425.2,0.0017229],[102425.0,0.01751],[102424.1,1.501e-05],[102424.0,0.0175],[102422.2,0.00219942],[102422.0,0.00276454]],"asks":[[102418.8,0.20153172],[102418.9,0.02376888],[102419.0,0.0175],[102419.7,0.0283731],[102419.9,0.01308754],[102420.0,0.0175],[102420.7,0.02698759],[102420.9,0.03732386],[102421.0,0.01756533],[102422.7,0.0087037],[102422.9,0.09],[102423.0,0.0087037],[102423.2,0.00876903],[102423.4,0.0087037],[102423.6,0.0087037],[102423.8,0.0087037],[102424.0,0.01756533],[102424.5,0.00867539],[102424.7,6.533e-05],[102424.9,0.00718556]]},"raw":{}}
{"exchange":"okx","instance_id":"A","symbol":"BTC-USD","event_ts":1762349865.302,"seq":7218585048276993,"depth":{"last_seq":7218585048276993,"bids":[[102430.0,0.01109898],[102429.2,0.1],[102429.1,0.1],[102429.0,0.0175],[102428.4,0.00258416],[102428.2,0.00251293],[102428.0,0.0175],[102427.9,0.00084697],[102427.6,1e-05],[102427.2,0.00094225],[102427.1,3.373e-05],[102427.0,0.0891012],[102426.2,1e-05],[102426.0,0.05920017],[102425.2,0.0017229],[102425.0,0.01751],[102424.1,1.501e-05],[102424.0,0.0175],[102422.2,0.00219942],[102422.0,0.00276454]],"asks":[[102418.8,0.30153172],[102418.9,0.03782213],[102419.0,0.0175],[102419.7,0.0283731],[102419.9,0.01308754],[102420.0,0.0175],[102420.7,0.02698759],[102420.9,0.03732386],[102421.0,0.01756533],[102422.7,0.0087037],[102422.9,0.09],[102423.0,0.0087037],[102423.2,0.00876903],[102423.4,0.0087037],[102423.6,0.0087037],[102423.8,0.0087037],[102424.0,0.01756533],[102424.5,0.00867539],[102424.7,6.533e-05],[102424.9,0.00718556]]},"raw":{}}
{"exchange":"okx","instance_id":"A","symbol":"BTC-USD","event_ts":1762349865.402,"seq":7218585048686593,"depth":{"last_seq":7218585048686593,"bids":[[102430.0,0.01109898],[102429.2,0.1],[102429.1,0.1],[102429.0,0.0175],[102428.4,0.00258416],[102428.2,0.00251293],[102428.0,0.0175],[102427.9,0.00084697],[102427.6,1e-05],[102427.2,0.00094225],[102427.1,3.373e-05],[102427.0,0.0891012],[102426.2,1e-05],[102426.0,0.05920017],[102425.2,0.0017229],[102425.0,0.01751],[102424.1,1.501e-05],[102424.0,0.0175],[102422.2,0.00219942],[102422.0,0.00276454]],"asks":[[102418.8,0.30539172],[102418.9,0.03782213],[102419.0,0.0175],[102419.7,0.0283731],[102419.9,0.01308754],[102420.0,0.0175],[102420.7,0.02698759],[102420.9,0.03732386],[102421.0,0.01756533],[102422.7,0.0087037],[102422.9,0.09],[102423.0,0.0087037],[102423.2,0.00876903],[102423.4,0.0087037],[102423.6,0.0087037],[102423.8,0.0087037],[102424.0,0.01756533],[102424.5,0.00867539],[102424.7,6.533e-05],[102424.9,0.00718556]]},"raw":{}}
{"exchange":"okx","instance_id":"A","symbol":"BTC-USD","event_ts":1762349865.502,"seq":7218585049096193,"depth":{"last_seq":7218585049096193,"bids":[[102430.0,0.01109898],[102429.2,0.1],[102429.1,0.1],[102429.0,0.0175],[102428.4,0.00258416],[102428.2,0.00251293],[102428.0,0.0175],[102427.9,0.00084697],[102427.6,1e-05],[102427.2,0.00094225],[102427.1,3.373e-05],[102427.0,0.0891012],[102426.2,1e-05],[102426.0,0.05920017],[102425.2,0.0017229],[102425.0,0.01751],[102424.1,1.501e-05],[102424.0,0.0175],[102422.2,0.00219942],[102422.0,0.00276454]],"asks":[[102418.8,0.20539172],[102418.9,0.03782213],[102419.0,0.0175],[102419.7,0.0283731],[102419.9,0.01308754],[102420.0,0.0175],[102420.7,0.02698759],[102420.9,0.03732386],[102421.0,0.01756533],[102422.7,0.0087037],[102422.9,0.09],[102423.0,0.0087037],[102423.2,0.00876903],[102423.4,0.0087037],[102423.6,0.0087037],[102423.8,0.0087037],[102424.0,0.01756533],[102424.5,0.00867539],[102424.7,6.533e-05],[102424.9,0.00718556]]},"raw":{}}
{"exchange":"okx","instance_id":"A","symbol":"BTC-USD","event_ts":1762349865.602,"seq":7218585049505793,"depth":{"last_seq":7218585049505793,"bids":[[102430.0,0.01109898],[102429.2,0.1],[102429.1,0.1],[102429.0,0.0175],[102428.4,0.00258416],[102428.2,0.00251293],[102428.0,0.0175],[102427.9,0.00084697],[102427.6,1e-05],[102427.2,0.00094225],[102427.1,3.373e-05],[102427.0,0.0891012],[102426.2,1e-05],[102426.0,0.05920017],[102425.2,0.0017229],[102425.0,0.01751],[102424.1,1.501e-05],[102424.0,0.0175],[102422.2,0.00219942],[102422.0,0.00276454]],"asks":[[102418.8,0.19668802],[102418.9,0.02376888],[102419.0,0.0175],[102419.7,0.0283731],[102419.9,0.01308754],[102420.0,0.0175],[102420.7,0.02698759],[102420.9,0.03732386],[102421.0,0.01756533],[102422.7,0.0087037],[102422.9,0.09],[102423.0,0.0087037],[102423.2,0.00876903],[102423.4,0.0087037],[102423.6,0.0087037],[102423.8,0.0087037],[102424.0,0.01756533],[102424.5,0.00867539],[102424.7,6.533e-05],[102424.9,0.00718556]]},"raw":{}}
{"exchange":"okx","instance_id":"A","symbol":"BTC-USD","event_ts":1762349865.802,"seq":7218585050324993,"depth":{"last_seq":7218585050324993,"bids":[[102430.0,0.01109898],[102429.2,0.1],[102429.1,0.1],[102429.0,0.0175],[102428.4,0.00258416],[102428.2,0.00251293],[102428.0,0.0175],[102427.9,0.00084697],[102427.6,1e-05],[102427.2,0.00094225],[102427.1,3.373e-05],[102427.0,0.0891012],[102426.2,1e-05],[102426.0,0.05920017],[102425.2,0.0017229],[102425.0,0.01751],[102424.1,1.501e-05],[102424.0,0.0175],[102422.2,0.00219942],[102422.0,0.00276454]],"asks":[[102418.8,0.1059626],[102418.9,0.05220841],[102419.0,0.0175],[102419.7,0.0283731],[102419.9,0.01308754],[102420.0,0.0175],[102420.7,0.02698759],[102420.9,0.03732386],[102421.0,0.01756533],[102422.7,0.0087037],[102422.9,0.09],[102423.0,0.0087037],[102423.2,0.00876903],[102423.4,0.0087037],[102423.6,0.0087037],[102423.8,0.0087037],[102424.0,0.01756533],[102424.5,0.00867539],[102424.7,6.533e-05],[102424.9,0.00718556]]},"raw":{}}
{"exchange":"okx","instance_id":"A","symbol":"BTC-USD","event_ts":1762349865.902,"seq":7218585050734593,"depth":{"last_seq":7218585050734593,"bids":[[102430.0,0.01109898],[102429.2,0.1],[102429.1,0.1],[102429.0,0.0175],[102428.4,0.00258416],[102428.2,0.00251293],[102428.0,0.0175],[102427.9,0.00084697],[102427.6,1e-05],[102427.2,0.00094225],[102427.1,3.373e-05],[102427.0,0.0891012],[102426.2,1e-05],[102426.0,0.05920017],[102425.2,0.0017229],[102425.0,0.01751],[102424.1,1.501e-05],[102424.0,0.0175],[102422.2,0.00219942],[102422.0,0.00276454]],"asks":[[102418.8,0.1146663],[102418.9,0.02376888],[102419.0,0.0175],[102419.7,0.0283731],[102419.9,0.01308754],[102420.0,0.0175],[102420.7,0.02698759],[102420.9,0.03732386],[102421.0,0.01756533],[102422.7,0.0087037],[102422.9,0.09],[102423.0,0.0087037],[102423.2,0.00876903],[102423.4,0.0087037],[102423.6,0.0087037],[102423.8,0.0087037],[102424.0,0.01756533],[102424.5,0.00867539],[102424.7,6.533e-05],[102424.9,0.00718556]]},"raw":{}}
{"exchange":"okx","instance_id":"A","symbol":"BTC-USD","event_ts":1762349866.002,"seq":7218585051144193,"depth":{"last_seq":7218585051144193,"bids":[[102430.0,0.01109898],[102429.2,0.1],[102429.1,0.1],[102429.0,0.0175],[102428.4,0.00258416],[102428.2,0.00251293],[102428.0,0.0175],[102427.9,0.00084697],[102427.6,1e-05],[102427.2,0.00094225],[102427.1,3.373e-05],[102427.0,0.0891012],[102426.2,1e-05],[102426.0,0.05920017],[102425.2,0.0017229],[102425.0,0.01751],[102424.1,1.501e-05],[102424.0,0.0175],[102422.2,0.00219942],[102422.0,0.00276454]],"asks":[[102418.8,0.1059626],[102418.9,0.02376888],[102419.0,0.0175],[102419.7,0.0283731],[102419.9,0.01308754],[102420.0,0.0175],[102420.7,0.02698759],[102420.9,0.03732386],[102421.0,0.01756533],[102422.7,0.0087037],[102422.9,0.09],[102423.0,0.0087037],[102423.2,0.00876903],[102423.4,0.0087037],[102423.6,0.0087037],[102423.8,0.0087037],[102424.0,0.01756533],[102424.5,0.00867539],[102424.7,6.533e-05],[102424.9,0.00718556]]},"raw":{}}
{"exchange":"okx","instance_id":"A","symbol":"BTC-USD","event_ts":1762349866.102,"seq":7218585051553793,"depth":{"last_seq":7218585051553793,"bids":[[102430.0,0.01109898],[102429.2,0.1],[102429.1,0.1],[102429.0,0.0175],[102428.4,0.00258416],[102428.2,0.00251293],[102428.0,0.0175],[102427.9,0.00084697],[102427.6,1e-05],[102427.2,0.00094225],[102427.1,3.373e-05],[102427.0,0.0891012],[102426.2,1e-05],[102426.0,0.05920017],[102425.2,0.0017229],[102425.0,0.01751],[102424.1,1.501e-05],[102424.0,0.0175],[102422.2,0.00219942],[102422.0,0.00276454]],"asks":[[102418.8,0.04604917],[102418.9,0.01567424],[102419.0,0.0175],[102419.7,0.0283731],[102419.9,0.01308754],[102420.0,0.0175],[102420.7,0.02698759],[102420.9,0.03732386],[102421.0,0.0175],[102422.7,0.0087037],[102422.9,0.09],[102423.0,0.0087037],[102423.2,0.00876903],[102423.4,0.0087037],[102423.6,0.0087037],[102423.8,0.0087037],[102424.0,0.01756533],[102424.5,0.00867539],[102424.7,6.533e-05],[102424.9,0.00718556]]},"raw":{}}
{"exchange":"okx","instance_id":"A","symbol":"BTC-USD","event_ts":1762349866.202,"seq":7218585051963393,"depth":{"last_seq":7218585051963393,"bids":[[102430.0,0.01109898],[102429.2,0.1],[102429.1,0.1],[102429.0,0.0175],[102428.4,0.00258416],[102428.2,0.00251293],[102428.0,0.0175],[102427.9,0.00084697],[102427.6,1e-05],[102427.2,0.00094225],[102427.1,3.373e-05],[102427.0,0.0891012],[102426.2,1e-05],[102426.0,0.05920017],[102425.2,0.0017229],[102425.0,0.01751],[102424.1,1.501e-05],[102424.0,0.0175],[102422.2,0.00219942],[102422.0,0.00276454]],"asks":[[102418.8,0.01272287],[102418.9,0.01567424],[102419.0,0.0175],[102419.7,0.0283731],[102419.9,0.01308754],[102420.0,0.0175],[102420.7,0.02698759],[102420.9,0.03732386],[102421.0,0.0175],[102422.7,0.0087037],[102422.9,0.09],[102423.0,0.0087037],[102423.2,0.00876903],[102423.4,0.0087037],[102423.6,0.0087037],[102423.8,0.0087037],[102424.0,0.01756533],[102424.5,0.00867539],[102424.7,6.533e-05],[102424.9,0.00718556]]},"raw":{}}
{"exchange":"okx","instance_id":"A","symbol":"BTC-USD","event_ts":1762349866.302,"seq":7218585052372993,"depth":{"last_seq":7218585052372993,"bids":[[102430.0,0.01109898],[102429.2,0.1],[102429.1,0.1],[102429.0,0.0175],[102428.4,0.00258416],[102428.2,0.00251293],[102428.0,0.0175],[102427.9,0.00084697],[102427.6,1e-05],[102427.2,0.00094225],[102427.1,3.373e-05],[102427.0,0.0891012],[102426.2,1e-05],[102426.0,0.05920017],[102425.2,0.0017229],[102425.0,0.01751],[102424.1,1.501e-05],[102424.0,0.0175],[102422.2,0.00219942],[102422.0,0.00276454]],"asks":[[102418.8,0.00401917],[102418.9,0.01567424],[102419.0,0.0175],[102419.7,0.0283731],[102419.9,0.01308754],[102420.0,0.0175],[102420.7,0.02698759],[102420.9,0.03732386],[102421.0,0.0175],[102422.7,0.0087037],[102422.9,0.09],[102423.0,0.0087037],[102423.2,0.00876903],[102423.4,0.0087037],[102423.6,0.0087037],[102423.8,0.0087037],[102424.0,0.01756533],[102424.5,0.00867539],[102424.7,6.533e-05],[102424.9,0.00718556]]},"raw":{}}
{"exchange":"okx","instance_id":"A","symbol":"BTC-USD","event_ts":1762349866.402,"seq":7218585052782593,"depth":{"last_seq":7218585052782593,"bids":[[102430.0,0.01109898],[102429.2,0.1],[102429.1,0.1],[102429.0,0.0175],[102428.4,0.00258416],[102428.2,0.00251293],[102428.0,0.0175],[102427.9,0.00084697],[102427.6,1e-05],[102427.2,0.00094225],[102427.1,3.373e-05],[102427.0,0.0891012],[102426.2,1e-05],[102426.0,0.05920017],[102425.2,0.0017229],[102425.0,0.01751],[102424.1,1.501e-05],[102424.0,0.0175],[102422.2,0.00219942],[102422.0,0.00276454]],"asks":[[102418.8,0.04251917],[102418.9,0.01567424],[102419.0,0.0175],[102419.7,0.0283731],[102419.9,0.01308754],[102420.0,0.0175],[102420.7,0.02698759],[102420.9,0.03732386],[102421.0,0.0175],[102422.7,0.0087037],[102422.9,0.09],[102423.0,0.0087037],[102423.2,0.00876903],[102423.4,0.0087037],[102423.6,0.0087037],[102423.8,0.0087037],[102424.0,0.01756533],[102424.5,0.00867539],[102424.7,6.533e-05],[102424.9,0.00718556]]},"raw":{}}
{"exchange":"okx","instance_id":"A","symbol":"BTC-USD","event_ts":1762349866.502,"seq":7218585053192193,"depth":{"last_seq":7218585053192193,"bids":[[102430.0,0.01109898],[102429.2,0.1],[102429.1,0.1],[102429.0,0.0175],[102428.4,0.00258416],[102428.2,0.00251293],[102428.0,0.0175],[102427.9,0.00084697],[102427.6,1e-05],[102427.2,0.00094225],[102427.1,3.373e-05],[102427.0,0.0891012],[102426.2,1e-05],[102426.0,0.05920017],[102425.2,0.0017229],[102425.0,0.01751],[102424.1,1.501e-05],[102424.0,0.0175],[102422.2,0.00219942],[102422.0,0.00276454]],"asks":[[102418.8,0.16630635],[102418.9,0.02735536],[102419.0,0.0175],[102419.7,0.0283731],[102419.9,0.01308754],[102420.0,0.0175],[102420.7,0.02698759],[102420.9,0.03732386],[102421.0,0.0175],[102422.7,0.0087037],[102422.9,0.09],[102423.0,0.0087037],[102423.2,0.00876903],[102423.4,0.0087037],[102423.6,0.0087037],[102423.8,0.0087037],[102424.0,0.01756533],[102424.5,0.00867539],[102424.7,6.533e-05],[102424.9,0.00718556]]},"raw":{}}
{"exchange":"okx","instance_id":"A","symbol":"BTC-USD","event_ts":1762349866.602,"seq":7218585053601793,"depth":{"last_seq":7218585053601793,"bids":[[102430.0,0.01109898],[102429.2,0.1],[102429.1,0.1],[102429.0,0.0175],[102428.4,0.00258416],[102428.2,0.00251293],[102428.0,0.0175],[102427.9,0.00084697],[102427.6,1e-05],[102427.2,0.00094225],[102427.1,3.373e-05],[102427.0,0.0891012],[102426.2,1e-05],[102426.0,0.05920017],[102425.2,0.0017229],[102425.0,0.01751],[102424.1,1.501e-05],[102424.0,0.0175],[102422.2,0.00219942],[102422.0,0.00276454]],"asks":[[102418.8,0.17501005],[102418.9,0.02735536],[102419.0,0.0175],[102419.7,0.0283731],[102419.9,0.01308754],[102420.0,0.0175],[102420.7,0.02698759],[102420.9,0.03732386],[102421.0,0.0175],[102422.7,0.0087037],[102422.9,0.09],[102423.0,0.0087037],[102423.2,0.00876903],[102423.4,0.0087037],[102423.6,0.0087037],[102423.8,0.0087037],[102424.0,0.01756533],[102424.5,0.00867539],[102424.7,6.533e-05],[102424.9,0.00718556]]},"raw":{}}
{"exchange":"okx","instance_id":"A","symbol":"BTC-USD","event_ts":1762350215.702,"seq":7218586483515393,"depth":{"last_seq":7218586483515393,"bids":[[102849.5,0.33213947],[102849.1,0.0156879],[102849.0,0.0175],[102848.0,0.0175],[102847.9,5.579e-05]],"asks":[[102849.6,0.01340516],[102849.9,6.223e-05],[102850.0,0.01756223],[102851.0,0.01757186],[102852.0,0.01757186]]},"raw":{}}
{"exchange":"okx","instance_id":"A","symbol":"BTC-USD","event_ts":1762350215.802,"seq":7218586483924993,"depth":{"last_seq":7218586483924993,"bids":[[102849.5,0.33598947],[102849.1,0.0156879],[102849.0,0.0175],[102848.0,0.0175],[102847.9,5.579e-05]],"asks":[[102849.6,0.03073916],[102849.9,6.223e-05],[102850.0,0.01756223],[102851.0,0.01757186],[102852.0,0.01757186]]},"raw":{}}
{"exchange":"okx","instance_id":"A","symbol":"BTC-USD","event_ts":1762350215.902,"seq":7218586484334593,"depth":{"last_seq":7218586484334593,"bids":[[102849.5,0.33598947],[102849.1,0.0156879],[102849.0,0.0175],[102848.0,0.0175],[102847.9,5.579e-05]],"asks":[[102849.6,0.02946916],[102849.9,6.223e-05],[102850.0,0.01756223],[102851.0,0.01757186],[102852.0,0.01757186]]},"raw":{}}
{"exchange":"okx","instance_id":"A","symbol":"BTC-USD","event_ts":1762350216.002,"seq":7218586484744193,"depth":{"last_seq":7218586484744193,"bids":[[102849.5,0.32642585],[102849.1,0.0156879],[102849.0,0.0175],[102848.0,0.0175],[102847.9,5.579e-05]],"asks":[[102849.6,0.09381916],[102849.9,6.223e-05],[102850.0,0.01756223],[102851.0,0.01757186],[102852.0,0.01757186]]},"raw":{}}
{"exchange":"okx","instance_id":"A","symbol":"BTC-USD","event_ts":1762350216.102,"seq":7218586485153793,"depth":{"last_seq":7218586485153793,"bids":[[102849.5,0.33594321],[102849.1,0.0156879],[102849.0,0.0175],[102848.0,0.0175],[102847.9,5.579e-05],[102847.0,0.0175]],"asks":[[102849.6,0.09381916],[102849.9,6.223e-05],[102850.0,0.01756223],[102851.0,0.01757186],[102852.0,0.01757186]]},"raw":{}}
{"exchange":"okx","instance_id":"A","symbol":"BTC-USD","event_ts":1762350216.202,"seq":7218586485563393,"depth":{"last_seq":7218586485563393,"bids":[[102849.5,0.43594321],[102849.1,0.0156879],[102849.0,0.0175],[102848.1,0.02626682],[102848.0,0.0175],[102847.9,5.579e-05],[102847.0,0.0175]],"asks":[[102849.6,0.01974623],[102849.9,6.223e-05],[102850.0,6.223e-05],[102851.0,0.01757186],[102852.0,0.01757186]]},"raw":{}}
{"exchange":"okx","instance_id":"A","symbol":"BTC-USD","event_ts":1762350216.302,"seq":7218586485972993,"depth":{"last_seq":7218586485972993,"bids":[[102853.9,0.44017243],[102853.0,0.0175],[102852.6,0.00036523],[102852.0,0.0175],[102851.9,0.135],[102849.5,0.43594321],[102849.1,0.0156879],[102849.0,0.0175],[102848.1,0.02626682],[102848.0,0.0175],[102847.9,5.579e-05],[102847.0,0.0175]],"asks":[[102849.6,0.01974623],[102849.9,6.223e-05],[102850.0,6.223e-05],[102851.0,0.01757186],[102852.0,0.01757186],[102854.0,0.02112],[102854.6,0.09095506],[102855.0,0.0175],[102856.0,0.01751],[102856.7,0.00718556]]},"raw":{}}
{"exchange":"okx","instance_id":"A","symbol":"BTC-USD","event_ts":1762350216.402,"seq":7218586486382593,"depth":{"last_seq":7218586486382593,"bids":[[102853.9,0.34017243],[102853.0,0.0175],[102852.6,0.00036523],[102852.5,0.05679709],[102852.0,0.0175],[102851.9,0.135],[102849.5,0.43594321],[102849.1,0.0156879],[102849.0,0.0175],[102848.1,0.02626682],[102848.0,0.0175],[102847.9,5.579e-05],[102847.0,0.0175]],"asks":[[102849.6,0.01974623],[102849.9,6.223e-05],[102850.0,6.223e-05],[102851.0,0.01757186],[102852.0,0.01757186],[102854.0,0.042073],[102854.6,0.09095506],[102855.0,0.0175],[102855.8,0.00528718],[102856.0,0.01751],[102856.7,0.00718556]]},"raw":{}}
{"exchange":"okx","instance_id":"A","symbol":"BTC-USD","event_ts":1762350216.502,"seq":7218586486792193,"depth":{"last_seq":7218586486792193,"bids":[[102853.9,0.34017243],[102853.0,0.0175],[102852.6,0.00036523],[102852.5,0.05679709],[102852.0,0.0175],[102851.9,0.135],[102849.5,0.43594321],[102849.1,0.0156879],[102849.0,0.0175],[102848.1,0.02626682],[102848.0,0.0175],[102847.9,5.579e-05],[102847.0,0.0175]],"asks":[[102849.6,0.01974623],[102849.9,6.223e-05],[102850.0,6.223e-05],[102851.0,0.01757186],[102852.0,0.01757186],[102854.0,0.042073],[102854.6,0.09095506],[102855.0,0.0175],[102855.8,0.00528718],[102856.0,0.01751],[102856.5,0.00528707],[102856.7,0.00718556]]},"raw":{}}
{"exchange":"okx","instance_id":"A","symbol":"BTC-USD","event_ts":1762350216.602,"seq":7218586487201793,"depth":{"last_seq":7218586487201793,"bids":[[102853.9,0.34017243],[102853.0,0.0175],[102852.6,0.00036523],[102852.5,0.05679709],[102852.0,0.0175],[102851.9,0.135],[102849.5,0.43594321],[102849.1,0.0156879],[102849.0,0.0175],[102848.1,0.02626682],[102848.0,0.0175],[102847.9,5.579e-05],[102847.0,0.0175]],"asks":[[102849.6,0.01974623],[102849.9,6.223e-05],[102850.0,6.223e-05],[102851.0,0.01757186],[102852.0,0.01757186],[102854.0,0.042073],[102854.6,0.09095506],[102855.0,0.0175],[102855.8,0.00528703],[102856.0,0.01751],[102856.5,0.00528707],[102856.7,0.00718556]]},"raw":{}}
{"exchange":"okx","instance_id":"A","symbol":"BTC-USD","event_ts":1762350216.802,"seq":7218586488020993,"depth":{"last_seq":7218586488020993,"bids":[[102853.9,0.57493939],[102853.0,0.0175],[102852.6,0.00036523],[102852.5,0.05679709],[102852.0,0.0175],[102851.9,0.135],[102849.5,0.43594321],[102849.1,0.0156879],[102849.0,0.0175],[102848.1,0.02626682],[102848.0,0.0175],[102847.9,5.579e-05],[102847.0,0.0175]],"asks":[[102849.6,0.01974623],[102849.9,6.223e-05],[102850.0,6.223e-05],[102851.0,0.01757186],[102852.0,0.01757186],[102854.0,0.042073],[102854.6,0.01259537],[102855.0,0.0175],[102855.8,0.00528703],[102856.0,0.01751],[102856.5,0.00528707],[102856.7,0.00718556],[102856.9,0.07435603]]},"raw":{}}
{"exchange":"okx","instance_id":"A","symbol":"BTC-USD","event_ts":1762350216.902,"seq":7218586488430593,"depth":{"last_seq":7218586488430593,"bids":[[102853.9,0.47493939],[102853.0,0.0175],[102852.6,0.00036523],[102852.5,0.05679709],[102852.0,0.0175],[102851.9,0.135],[102849.5,0.43594321],[102849.1,0.0156879],[102849.0,0.0175],[102848.1,0.02626682],[102848.0,0.0175],[102847.9,5.579e-05],[102847.0,0.0175]],"asks":[[102849.6,0.01974623],[102849.9,6.223e-05],[102850.0,6.223e-05],[102851.0,0.01757186],[102852.0,0.01757186],[102854.0,0.04208917],[102854.6,0.01267215],[102855.0,0.01757678],[102855.8,0.00528703],[102856.0,0.01758678],[102856.5,0.00528707],[102856.7,0.00718556],[102856.9,0.07443281]]},"raw":{}}
{"exchange":"okx","instance_id":"A","symbol":"BTC-USD","event_ts":1762350217.002,"seq":7218586488840193,"depth":{"last_seq":7218586488840193,"bids":[[102853.9,0.57493939],[102853.0,0.0175],[102852.6,0.00036523],[102852.5,0.05679709],[102852.0,0.0175],[102851.9,0.135],[102849.5,0.43594321],[102849.1,0.0156879],[102849.0,0.0175],[102848.1,0.02626682],[102848.0,0.0175],[102847.9,5.579e-05],[102847.0,0.0175]],"asks":[[102849.6,0.01974623],[102849.9,6.223e-05],[102850.0,6.223e-05],[102851.0,0.01757186],[102852.0,0.01757186],[102854.0,0.02281978],[102854.6,7.678e-05],[102855.0,7.678e-05],[102855.8,0.00528703],[102856.0,0.01758678],[102856.5,0.00528707],[102856.7,0.00718556],[102856.9,0.07443281]]},"raw":{}}
{"exchange":"okx","instance_id":"A","symbol":"BTC-USD","event_ts":1762350217.102,"seq":7218586489249793,"depth":{"last_seq":7218586489249793,"bids":[[102853.9,0.43993939],[102853.0,0.0175],[102852.6,0.00036523],[102852.5,0.05679709],[102852.0,0.0175],[102851.9,0.135],[102849.5,0.43594321],[102849.1,0.0156879],[102849.0,0.0175],[102848.1,0.02626682],[102848.0,0.0175],[102847.9,5.579e-05],[102847.0,0.0175]],"asks":[[102849.6,0.01974623],[102849.9,6.223e-05],[102850.0,6.223e-05],[102851.0,0.01757186],[102852.0,0.01757186],[102854.0,0.05004229],[102854.6,7.678e-05],[102854.9,0.01049632],[102855.0,0.01757678],[102855.8,0.00456756],[102856.0,0.01758678],[102856.5,0.00528707],[102856.7,0.00718556],[102856.9,0.07443281]]},"raw":{}}
{"exchange":"okx","instance_id":"A","symbol":"BTC-USD","event_ts":1762350217.202,"seq":7218586489659393,"depth":{"last_seq":7218586489659393,"bids":[[102853.9,0.33821438],[102853.0,0.0175],[102852.6,0.00036523],[102852.5,0.05679709],[102852.0,0.0175],[102851.9,0.135],[102849.5,0.43594321],[102849.1,0.0156879],[102849.0,0.0175],[102848.1,0.02626682],[102848.0,0.0175],[102847.9,5.579e-05],[102847.0,0.0175]],"asks":[[102849.6,0.01974623],[102849.9,6.223e-05],[102850.0,6.223e-05],[102851.0,0.01757186],[102852.0,0.01757186],[102854.0,0.05004229],[102854.6,7.678e-05],[102854.9,0.01049632],[102855.0,0.01757678],[102855.8,0.00456756],[102856.0,0.01758678],[102856.5,0.00528707],[102856.7,0.00718556],[102856.9,0.07443281]]},"raw":{}}
{"exchange":"okx","instance_id":"A","symbol":"BTC-USD","event_ts":1762350217.302,"seq":7218586490068993,"depth":{"last_seq":7218586490068993,"bids":[[102853.9,0.33821438],[102853.0,0.0175],[102852.6,0.00036523],[102852.5,0.05679709],[102852.0,0.0175],[102851.9,0.135],[102849.5,0.43594321],[102849.1,0.0156879],[102849.0,0.0175],[102848.1,0.02626682],[102848.0,0.0175],[102847.9,5.579e-05],[102847.0,0.0175]],"asks":[[102849.6,0.01974623],[102849.9,6.223e-05],[102850.0,6.223e-05],[102851.0,0.01757186],[102852.0,0.01757186],[102854.0,0.04031978],[102854.6,7.678e-05],[102854.9,0.01049632],[102855.0,0.01757678],[102855.8,0.00456756],[102856.0,0.01758678],[102856.5,0.00528707],[102856.7,0.00718556],[102856.9,0.07443281]]},"raw":{}}
{"exchange":"okx","instance_id":"A","symbol":"BTC-USD","event_ts":1762350217.602,"seq":7218586491297793,"depth":{"last_seq":7218586491297793,"bids":[[102853.9,0.43821438],[102853.0,0.0175],[102852.6,0.00036523],[102852.5,0.05679709],[102852.0,0.0175],[102851.9,0.135],[102849.5,0.43594321],[102849.1,0.0156879],[102849.0,0.0175],[102848.1,0.02626682],[102848.0,0.0175],[102847.9,5.579e-05],[102847.0,0.0175]],"asks":[[102849.6,0.01974623],[102849.9,6.223e-05],[102850.0,6.223e-05],[102851.0,0.01757186],[102852.0,0.01757186],[102854.0,0.04031978],[102854.6,7.678e-05],[102854.9,0.01049632],[102855.0,0.01757678],[102855.8,0.00456756],[102856.0,0.01758678],[102856.5,0.00528707],[102856.7,0.00718556],[102856.9,0.07443281]]},"raw":{}}
{"exchange":"okx","instance_id":"A","symbol":"BTC-USD","event_ts":1762350217.702,"seq":7218586491707393,"depth":{"last_seq":7218586491707393,"bids":[[102853.9,0.33821438],[102853.0,0.0175],[102852.6,0.00036523],[102852.5,0.05679709],[102852.0,0.0175],[102851.9,0.135],[102849.5,0.43594321],[102849.1,0.0156879],[102849.0,0.0175],[102848.1,0.02626682],[102848.0,0.0175],[102847.9,5.579e-05],[102847.0,0.0175]],"asks":[[102849.6,0.01974623],[102849.9,6.223e-05],[102850.0,6.223e-05],[102851.0,0.01757186],[102852.0,0.01757186],[102854.0,0.04031978],[102854.6,7.678e-05],[102854.9,0.01049632],[102855.0,0.01757678],[102855.6,0.00528693],[102855.8,0.00456756],[102856.0,0.01758678],[102856.5,0.00528707],[102856.7,0.00718556],[102856.9,0.07443281]]},"raw":{}}
{"exchange":"okx","instance_id":"A","symbol":"BTC-USD","event_ts":1762350217.902,"seq":7218586492526593,"depth":{"last_seq":7218586492526593,"bids":[[102853.9,0.33821438],[102853.0,0.0175],[102852.6,0.00036523],[102852.5,0.05679709],[102852.0,0.0175],[102851.9,0.135],[102849.5,0.43594321],[102849.1,0.0156879],[102849.0,0.0175],[102848.1,0.02626682],[102848.0,0.0175],[102847.9,5.579e-05],[102847.0,0.0175]],"asks":[[102849.6,0.01974623],[102849.9,6.223e-05],[102850.0,6.223e-05],[102851.0,0.01757186],[102852.0,0.01757186],[102854.0,0.10466978],[102854.6,7.678e-05],[102854.9,0.01049632],[102855.0,0.01757678],[102855.6,0.00528693],[102855.8,0.00456756],[102856.0,0.01758678],[102856.5,0.00528707],[102856.7,0.00718556],[102856.9,0.07443281]]},"raw":{}}
{"exchange":"okx","instance_id":"A","symbol":"BTC-USD","event_ts":1762350218.002,"seq":7218586492936193,"depth":{"last_seq":7218586492936193,"bids":[[102853.9,0.33821438],[102853.0,0.0175],[102852.6,0.00036523],[102852.5,0.05679709],[102852.0,0.0175],[102851.9,0.135],[102849.5,0.43594321],[102849.1,0.0156879],[102849.0,0.0175],[102848.1,0.02626682],[102848.0,0.0175],[102847.9,5.579e-05],[102847.0,0.0175]],"asks":[[102849.6,0.01974623],[102849.9,6.223e-05],[102850.0,6.223e-05],[102851.0,0.01757186],[102852.0,0.01757186],[102854.0,0.11439229],[102854.6,7.678e-05],[102854.9,0.01049632],[102855.0,0.01757678],[102855.6,0.00528693],[102855.8,0.00456756],[102856.0,0.01758678],[102856.5,0.00528707],[102856.7,0.00718556],[102856.9,0.07443281]]},"raw":{}}
{"exchange":"okx","instance_id":"A","symbol":"BTC-USD","event_ts":1762350218.102,"seq":7218586493345793,"depth":{"last_seq":7218586493345793,"bids":[[102853.9,0.25161315],[102853.0,0.0175],[102852.6,0.00036523],[102852.5,0.05679709],[102852.0,0.0175],[102851.9,0.135],[102849.5,0.43594321],[102849.1,0.0156879],[102849.0,0.0175],[102848.1,0.02626682],[102848.0,0.0175],[102847.9,5.579e-05],[102847.0,0.0175]],"asks":[[102849.6,0.01974623],[102849.9,6.223e-05],[102850.0,6.223e-05],[102851.0,0.01757186],[102852.0,0.01757186],[102854.0,0.24895598],[102854.6,7.678e-05],[102854.9,0.01049632],[102855.0,0.01757678],[102855.6,0.00528693],[102855.8,0.00456756],[102856.0,0.01758678],[102856.5,0.00528707],[102856.7,0.00718556],[102856.9,0.07443281]]},"raw":{}}
{"exchange":"okx","instance_id":"A","symbol":"BTC-USD","event_ts":1762350218.202,"seq":7218586493755393,"depth":{"last_seq":7218586493755393,"bids":[[102853.9,0.25161315],[102853.0,0.0175],[102852.6,0.00036523],[102852.5,0.05679709],[102852.0,0.16833748],[102851.9,0.135],[102851.0,0.0175],[102850.0,0.0175],[102849.7,0.00972269],[102849.5,0.07083629],[102849.1,0.0156879],[102849.0,0.0175],[102848.1,0.02626682],[102848.0,0.0175],[102847.9,5.579e-05],[102847.0,0.0175]],"asks":[[102849.6,0.01974623],[102849.9,6.223e-05],[102850.0,6.223e-05],[102851.0,0.01757186],[102852.0,0.01757186],[102852.1,0.41388631],[102852.6,0.03330205],[102853.0,0.0175],[102853.8,0.0097227],[102854.0,0.01757678],[102854.6,7.678e-05],[102854.9,0.01049632],[102855.0,0.01757678],[102855.6,0.00528693],[102855.8,0.00456756],[102856.0,0.01758678],[102856.5,0.00528707],[102856.7,0.00718556],[102856.9,0.07443281]]},"raw":{}}
{"exchange":"okx","instance_id":"A","symbol":"BTC-USD","event_ts":1762350218.302,"seq":7218586494164993,"depth":{"last_seq":7218586494164993,"bids":[[102853.9,0.25161315],[102853.0,0.0175],[102852.6,0.00036523],[102852.5,0.05679709],[102852.0,0.16833748],[102851.9,0.135],[102851.0,0.0175],[102850.0,0.0175],[102849.7,0.00972269],[102849.5,0.10104943],[102849.1,0.0156879],[102849.0,0.0175],[102848.4,0.05536498],[102848.1,0.02626682],[102848.0,0.0175],[102847.9,5.579e-05],[102847.0,0.0175],[102846.4,1e-05]],"asks":[[102849.6,0.4600207],[102849.9,6.223e-05],[102850.0,0.0175],[102851.0,0.00718556],[102852.0,0.11],[102852.1,0.05633505],[102852.6,0.03330205],[102853.0,0.0175],[102853.8,0.0097227],[102854.0,0.01757678],[102854.6,7.678e-05],[102854.9,0.01049632],[102855.0,0.01757678],[102855.6,0.00528693],[102855.8,0.00456756],[102856.0,0.01758678],[102856.5,0.00528707],[102856.7,0.00718556],[102856.9,0.07443281]]},"raw":{}}
{"exchange":"okx","instance_id":"A","symbol":"BTC-USD","event_ts":1762350218.402,"seq":7218586494574593,"depth":{"last_seq":7218586494574593,"bids":[[102853.9,0.25161315],[102853.0,0.0175],[102852.6,0.00036523],[102852.5,0.05679709],[102852.0,0.16833748],[102851.9,0.135],[102851.0,0.0175],[102850.0,0.0175],[102849.7,0.00972269],[102849.5,0.06890172],[102849.1,0.0156879],[102849.0,0.0175],[102848.4,0.05536498],[102848.1,0.02626682],[102848.0,0.0175],[102847.9,5.579e-05],[102847.0,0.0175],[102846.4,1e-05],[102844.3,0.09685181],[102843.9,1e-05]],"asks":[[102849.6,0.60301617],[102849.9,6.223e-05],[102850.0,0.0175],[102851.0,0.00718556],[102851.4,1e-05],[102851.9,0.00020211],[102852.0,0.11],[102852.1,0.05633505],[102852.6,0.03330205],[102853.0,0.0175],[102853.8,0.0097227],[102854.0,0.01757678],[102854.6,7.678e-05],[102854.9,0.01049632],[102855.0,0.01757678],[102855.6,0.00528693],[102855.8,0.00456756],[102856.0,0.01758678],[102856.5,0.00528707],[102856.7,0.00718556]]},"raw":{}}
{"exchange":"okx","instance_id":"A","symbol":"BTC-USD","event_ts":1762350218.502,"seq":7218586494984193,"depth":{"last_seq":7218586494984193,"bids":[[102853.9,0.25161315],[102853.0,0.0175],[102852.6,0.00036523],[102852.5,0.05679709],[102852.0,0.16833748],[102851.9,0.135],[102851.0,0.0175],[102850.0,0.0175],[102849.7,0.00972269],[102849.5,0.06890172],[102849.1,0.0156879],[102849.0,0.0175],[102848.4,0.05536498],[102848.1,0.02626682],[102848.0,0.0175],[102847.9,5.579e-05],[102847.0,0.0175],[102846.4,1e-05],[102844.3,0.09685181],[102843.9,1e-05]],"asks":[[102842.9,0.44606335],[102843.0,0.0175],[102843.1,0.26109682],[102844.0,0.0175],[102844.2,0.00020211],[102849.6,0.60301617],[102849.9,6.223e-05],[102850.0,0.0175],[102851.0,0.00718556],[102851.4,1e-05],[102851.9,0.00020211],[102852.0,0.11],[102852.1,0.05633505],[102852.6,0.03330205],[102853.0,0.0175],[102853.8,0.0097227],[102854.0,0.01757678],[102854.6,7.678e-05],[102854.9,0.01049632],[102855.0,0.01757678]]},"raw":{}}
{"exchange":"okx","instance_id":"A","symbol":"BTC-USD","event_ts":1762350218.602,"seq":7218586495393793,"depth":{"last_seq":7218586495393793,"bids":[[102853.9,0.25161315],[102853.0,0.0175],[102852.6,0.00036523],[102852.5,0.05679709],[102852.0,0.16833748],[102851.9,0.135],[102851.0,0.0175],[102850.0,0.0175],[102849.7,0.00972269],[102849.5,0.06890172],[102849.1,0.0156879],[102849.0,0.0175],[102848.4,0.05536498],[102848.1,0.02626682],[102848.0,0.0175],[102847.9,5.579e-05],[102847.0,0.0175],[102846.4,1e-05],[102844.3,0.09685181],[102843.9,1e-05]],"asks":[[102842.6,0.54839589],[102842.9,0.00992568],[102843.0,0.09227042],[102843.1,0.24869472],[102843.6,0.01944714],[102844.0,0.0175],[102844.2,0.00020211],[102849.6,0.60301617],[102849.9,6.223e-05],[102850.0,0.0175],[102851.0,0.00718556],[102851.4,1e-05],[102851.9,0.00020211],[102852.0,0.11],[102852.1,0.05633505],[102852.6,0.03330205],[102853.0,0.0175],[102853.8,0.0097227],[102854.0,0.01757678],[102854.6,7.678e-05]]},"raw":{}}
{"exchange":"okx","instance_id":"A","symbol":"BTC-USD","event_ts":1762350218.702,"seq":7218586495803393,"depth":{"last_seq":7218586495803393,"bids":[[102853.9,0.25161315],[102853.0,0.0175],[102852.6,0.00036523],[102852.5,0.05679709],[102852.0,0.16833748],[102851.9,0.135],[102851.0,0.0175],[102850.0,0.0175],[102849.7,0.00972269],[102849.5,0.06890172],[102849.1,0.0156879],[102849.0,0.0175],[102848.4,0.05536498],[102848.1,0.02626682],[102848.0,0.0175],[102847.9,5.579e-05],[102847.0,0.0175],[102846.4,1e-05],[102844.3,0.09685181],[102843.9,1e-05]],"asks":[[102840.4,0.67078031],[102841.0,0.0175],[102841.2,0.14617326],[102842.4,0.00359277],[102842.5,0.135],[102842.6,0.54839589],[102842.9,0.00992568],[102843.0,0.09227042],[102843.1,0.24869472],[102843.6,0.01944714],[102844.0,0.0175],[102844.2,0.00020211],[102849.6,0.60301617],[102849.9,6.223e-05],[102850.0,0.0175],[102851.0,0.00718556],[102851.4,1e-05],[102851.9,0.00020211],[102852.0,0.11],[102852.1,0.05633505]]},"raw":{}}
{"exchange":"okx","instance_id":"A","symbol":"BTC-USD","event_ts":1762350218.802,"seq":7218586496212993,"depth":{"last_seq":7218586496212993,"bids":[[102853.9,0.25161315],[102853.0,0.0175],[102852.6,0.00036523],[102852.5,0.05679709],[102852.0,0.16833748],[102851.9,0.135],[102851.0,0.0175],[102850.0,0.0175],[102849.7,0.00972269],[102849.5,0.06890172],[102849.1,0.0156879],[102849.0,0.0175],[102848.4,0.05536498],[102848.1,0.02626682],[102848.0,0.0175],[102847.9,5.579e-05],[102847.0,0.0175],[102846.4,1e-05],[102844.3,0.09685181],[102843.9,1e-05]],"asks":[[102839.0,0.81112151],[102839.8,0.03074935],[102840.1,0.2573064],[102840.4,0.03622294],[102840.8,0.00528662],[102841.0,0.0175],[102841.2,0.14617326],[102842.4,0.00359277],[102842.5,0.135],[102842.6,0.54839589],[102842.9,0.00992568],[102843.0,0.09227042],[102843.1,0.24869472],[102843.6,0.01944714],[102844.0,0.0175],[102844.2,0.00020211],[102849.6,0.60301617],[102849.9,6.223e-05],[102850.0,0.0175],[102851.0,0.00718556]]},"raw":{}}
