{"exchange":"okx","instance_id":"B","symbol":"BTC-USD","event_ts":1762205084.7,"seq":0,"depth":{"last_seq":0,"bids":[[106551.9,0.5644206],[106551.5,1e-05],[106550.3,0.11380626],[106550.2,0.14027371],[106548.3,0.1]],"asks":[[106552.0,0.00061873],[106552.2,0.00077056],[106553.0,0.0096],[106554.0,0.0096],[106556.1,0.00469269]]},"raw":{}}
{"exchange":"okx","instance_id":"B","symbol":"BTC-USD","event_ts":1762205084.8,"seq":0,"depth":{"last_seq":0,"bids":[[106551.9,0.46324552],[106551.5,1e-05],[106550.3,0.11380626],[106550.2,0.04027371],[106548.3,0.1]],"asks":[[106552.0,0.10978873],[106552.2,0.00077056],[106553.0,0.0096],[106554.0,0.0096],[106555.9,0.00426727],[106556.1,0.00469269]]},"raw":{}}
{"exchange":"okx","instance_id":"B","symbol":"BTC-USD","event_ts":1762205085.0,"seq":0,"depth":{"last_seq":0,"bids":[[106551.9,0.4726306],[106551.5,1e-05],[106550.3,0.11380626],[106550.2,0.04027371],[106548.3,0.1]],"asks":[[106552.0,0.10978873],[106552.2,0.00077056],[106553.0,0.0096],[106554.0,0.0096],[106555.9,0.00426727],[106556.1,0.00469269]]},"raw":{}}
{"exchange":"okx","instance_id":"B","symbol":"BTC-USD","event_ts":1762205085.1,"seq":0,"depth":{"last_seq":0,"bids":[[106551.9,0.4726306],[106551.5,1e-05],[106550.3,0.11380626],[106550.2,0.04027371],[106548.3,0.1]],"asks":[[106552.0,0.11804303],[106552.2,0.00077056],[106553.0,0.0096],[106554.0,0.0096],[106555.9,0.00426727],[106556.1,0.00469269]]},"raw":{}}
{"exchange":"okx","instance_id":"B","symbol":"BTC-USD","event_ts":1762205085.2,"seq":0,"depth":{"last_seq":0,"bids":[[106551.9,0.5606306],[106551.5,1e-05],[106550.3,0.11380626],[106550.2,0.04027371],[106548.3,0.1]],"asks":[[106552.0,0.00448873],[106552.2,0.00077056],[106553.0,0.0096],[106554.0,0.0096],[106555.9,0.00426727],[106556.1,0.00469269]]},"raw":{}}
{"exchange":"okx","instance_id":"B","symbol":"BTC-USD","event_ts":1762205085.4,"seq":0,"depth":{"last_seq":0,"bids":[[106551.9,0.55124552],[106551.5,1e-05],[106550.3,0.11380626],[106550.2,0.04027371],[106548.3,0.1]],"asks":[[106552.0,0.00448873],[106552.2,0.00077056],[106553.0,0.0096],[106554.0,0.0096],[106555.9,0.00426727],[106556.1,0.00469269]]},"raw":{}}
{"exchange":"okx","instance_id":"B","symbol":"BTC-USD","event_ts":1762205085.5,"seq":0,"depth":{"last_seq":0,"bids":[[106551.9,0.5606306],[106551.5,1e-05],[106550.3,0.11380626],[106550.2,0.04027371],[106548.3,0.1]],"asks":[[106552.0,0.00448873],[106552.2,0.00077056],[106553.0,0.0096],[106554.0,0.0096],[106555.9,0.00426727],[106556.1,0.00469269]]},"raw":{}}
{"exchange":"okx","instance_id":"B","symbol":"BTC-USD","event_ts":1762205085.8,"seq":0,"depth":{"last_seq":0,"bids":[[106551.9,0.5606306],[106551.5,1e-05],[106550.3,0.11380626],[106550.2,0.04027371],[106548.3,0.1]],"asks":[[106552.0,0.00448873],[106552.2,0.00077056],[106553.0,0.0096],[106554.0,0.0096],[106555.9,0.00426727],[106556.1,0.00469269]]},"raw":{}}
{"exchange":"okx","instance_id":"B","symbol":"BTC-USD","event_ts":1762205086.2,"seq":0,"depth":{"last_seq":0,"bids":[[106551.9,0.5606306],[106551.5,1e-05],[106550.3,0.11380626],[106550.2,0.04027371],[106548.3,0.1]],"asks":[[106552.0,0.06628873],[106552.2,0.00077056],[106553.0,0.0096],[106554.0,0.0096],[106555.9,0.00426727],[106556.1,0.00469269]]},"raw":{}}
{"exchange":"okx","instance_id":"B","symbol":"BTC-USD","event_ts":1762205086.4,"seq":0,"depth":{"last_seq":0,"bids":[[106551.9,0.5606306],[106551.5,1e-05],[106550.3,0.11380626],[106550.2,0.04027371],[106548.3,0.1]],"asks":[[106552.0,0.07438737],[106552.2,0.00077056],[106553.0,0.0096],[106554.0,0.0096],[106555.9,0.00426727],[106556.1,0.00469269]]},"raw":{}}
{"exchange":"okx","instance_id":"B","symbol":"BTC-USD","event_ts":1762205086.5,"seq":0,"depth":{"last_seq":0,"bids":[[106551.9,0.5606306],[106551.5,1e-05],[106550.3,0.11380626],[106550.2,0.04027371],[106548.3,0.1]],"asks":[[106552.0,0.06628873],[106552.2,0.00077056],[106553.0,0.0096],[106554.0,0.0096],[106555.9,0.00426727],[106556.1,0.00469269]]},"raw":{}}
{"exchange":"okx","instance_id":"B","symbol":"BTC-USD","event_ts":1762205086.6,"seq":0,"depth":{"last_seq":0,"bids":[[106551.9,0.46324552],[106551.5,1e-05],[106550.3,0.11380626],[106550.2,0.04027371],[106548.3,0.1],[106547.9,0.12827459]],"asks":[[106552.0,0.07435813],[106552.2,0.00077056],[106552.9,0.00967953],[106553.0,0.0096],[106554.0,0.0096],[106555.9,0.00426727],[106556.1,0.00469269]]},"raw":{}}
{"exchange":"okx","instance_id":"B","symbol":"BTC-USD","event_ts":1762205086.7,"seq":0,"depth":{"last_seq":0,"bids":[[106551.9,0.46324552],[106551.5,1e-05],[106550.3,0.11380626],[106550.2,0.04027371],[106548.4,0.10178456],[106548.3,0.1],[106547.9,0.12827459]],"asks":[[106552.0,0.11557319],[106552.2,0.00077056],[106552.9,0.00967953],[106553.0,0.0096],[106554.0,0.0096],[106555.9,0.00426727],[106556.1,0.00469269]]},"raw":{}}
{"exchange":"okx","instance_id":"B","symbol":"BTC-USD","event_ts":1762205086.8,"seq":0,"depth":{"last_seq":0,"bids":[[106551.9,0.4726306],[106551.5,1e-05],[106550.3,0.11380626],[106550.2,0.04027371],[106548.4,0.10178456],[106548.3,0.1],[106547.9,0.12827459]],"asks":[[106552.0,0.11557319],[106552.2,0.00077056],[106552.9,0.00967953],[106553.0,0.0096],[106554.0,0.0096],[106555.9,0.00426727],[106556.1,0.00469269]]},"raw":{}}
{"exchange":"okx","instance_id":"B","symbol":"BTC-USD","event_ts":1762205086.9,"seq":0,"depth":{"last_seq":0,"bids":[[106551.9,0.4726306],[106551.5,1e-05],[106550.3,0.11380626],[106550.2,0.04027371],[106548.4,0.10178456],[106548.3,0.1],[106547.9,0.12827459]],"asks":[[106552.0,0.07434081],[106552.2,0.00077056],[106552.9,0.00967953],[106553.0,0.0096],[106554.0,0.0096],[106555.9,0.00426727],[106556.1,0.00469269]]},"raw":{}}
{"exchange":"okx","instance_id":"B","symbol":"BTC-USD","event_ts":1762205087.0,"seq":0,"depth":{"last_seq":0,"bids":[[106551.9,0.46324552],[106551.5,1e-05],[106550.3,0.11380626],[106550.2,0.04027371],[106548.4,0.10178456],[106548.3,0.1],[106547.9,0.12827459]],"asks":[[106552.0,0.06628873],[106552.2,0.00077056],[106552.9,0.00967953],[106553.0,0.0096],[106554.0,0.0096],[106555.4,0.00426727],[106555.9,0.00426727],[106556.1,0.00469269]]},"raw":{}}
{"exchange":"okx","instance_id":"B","symbol":"BTC-USD","event_ts":1762205087.2,"seq":0,"depth":{"last_seq":0,"bids":[[106551.9,0.5645506],[106551.5,1e-05],[106550.3,0.11380626],[106550.2,0.04027371],[106548.4,0.10178456],[106548.3,0.1],[106547.9,0.12827459]],"asks":[[106552.0,0.07431524],[106552.2,0.00077056],[106552.9,0.00967953],[106553.0,0.0096],[106554.0,0.0096],[106555.4,0.00426727],[106555.6,0.03170883],[106555.9,0.00426727],[106556.1,0.00469269]]},"raw":{}}
{"exchange":"okx","instance_id":"B","symbol":"BTC-USD","event_ts":1762205087.3,"seq":0,"depth":{"last_seq":0,"bids":[[106551.9,0.5645506],[106551.5,1e-05],[106550.3,0.21255226],[106550.2,0.14027371],[106548.4,0.024],[106548.3,0.1],[106547.9,0.12827459]],"asks":[[106552.0,0.01408873],[106552.2,0.00077056],[106552.9,0.00967953],[106553.0,0.0096],[106554.0,0.0096],[106555.4,0.00426727],[106555.6,0.03170883],[106555.9,0.00426727],[106556.1,0.00469269]]},"raw":{}}
{"exchange":"okx","instance_id":"B","symbol":"BTC-USD","event_ts":1762205087.4,"seq":0,"depth":{"last_seq":0,"bids":[[106551.9,0.5645506],[106551.5,1e-05],[106550.3,0.21255226],[106550.2,0.14027371],[106548.4,0.024],[106548.3,0.1],[106547.9,0.12827459]],"asks":[[106552.0,0.01021873],[106552.2,0.00077056],[106552.9,0.00967953],[106553.0,0.0096],[106554.0,0.0096],[106554.8,0.00426727],[106555.4,0.00426727],[106555.6,0.03170883],[106555.9,0.00426727],[106556.1,0.00469269]]},"raw":{}}
{"exchange":"okx","instance_id":"B","symbol":"BTC-USD","event_ts":1762205087.5,"seq":0,"depth":{"last_seq":0,"bids":[[106551.9,0.5645506],[106551.5,1e-05],[106550.3,0.21255226],[106550.2,0.14027371],[106548.4,0.024],[106548.3,0.1],[106547.9,0.12827459]],"asks":[[106552.0,0.0182175],[106552.2,0.00077056],[106552.9,0.00967953],[106553.0,0.0096],[106554.0,0.0096],[106554.8,0.00426727],[106555.4,0.00426727],[106555.6,0.03170883],[106555.9,0.00426727],[106556.1,0.00469269]]},"raw":{}}
{"exchange":"okx","instance_id":"B","symbol":"BTC-USD","event_ts":1762205087.6,"seq":0,"depth":{"last_seq":0,"bids":[[106551.9,0.5645506],[106551.5,1e-05],[106550.3,0.21255226],[106550.2,0.14027371],[106548.4,0.024],[106548.3,0.1],[106547.9,0.12827459]],"asks":[[106552.0,0.06241873],[106552.2,0.00077056],[106552.9,0.00967953],[106553.0,0.0096],[106554.0,0.0096],[106554.8,0.00426727],[106555.4,0.00426727],[106555.6,0.03170883],[106555.9,0.00426727],[106556.1,0.00469269]]},"raw":{}}
{"exchange":"okx","instance_id":"B","symbol":"BTC-USD","event_ts":1762205087.7,"seq":0,"depth":{"last_seq":0,"bids":[[106551.9,0.5645506],[106551.5,1e-05],[106551.0,0.0101],[106550.3,0.21255226],[106550.2,0.14027371],[106548.4,0.024],[106548.3,0.1],[106547.9,0.12827459]],"asks":[[106552.0,0.01021873],[106552.2,0.00077056],[106552.9,0.00967953],[106553.0,0.0096],[106554.0,0.0096],[106554.8,0.00426727],[106555.4,0.00426727],[106555.6,0.03170883],[106555.9,0.00426727],[106556.1,0.00469269]]},"raw":{}}
{"exchange":"okx","instance_id":"B","symbol":"BTC-USD","event_ts":1762205087.8,"seq":0,"depth":{"last_seq":0,"bids":[[106551.9,0.5645506],[106551.5,1e-05],[106551.0,0.0101],[106550.3,0.21255226],[106550.2,0.14027371],[106548.4,0.024],[106548.3,0.1],[106547.9,0.12827459]],"asks":[[106552.0,0.01408873],[106552.2,0.00077056],[106552.9,0.00967953],[106553.0,0.0096],[106554.0,0.0096],[106554.8,0.00426727],[106555.4,0.00426727],[106555.6,0.03170883],[106555.9,0.00426727],[106556.1,0.00469269]]},"raw":{}}
{"exchange":"okx","instance_id":"B","symbol":"BTC-USD","event_ts":1762205087.9,"seq":0,"depth":{"last_seq":0,"bids":[[106561.0,0.64814068],[106559.3,0.4447861],[106559.2,0.34879851],[106557.0,0.1101],[106556.6,0.04966706],[106551.9,0.5645506],[106551.5,1e-05],[106551.0,0.0101],[106550.3,0.21255226],[106550.2,0.14027371],[106548.4,0.024],[106548.3,0.1],[106547.9,0.12827459]],"asks":[[106552.0,0.01408873],[106552.2,0.00077056],[106552.9,0.00967953],[106553.0,0.0096],[106554.0,0.0096],[106554.8,0.00426727],[106555.4,0.00426727],[106555.6,0.03170883],[106555.9,0.00426727],[106556.1,0.00469269],[106561.1,0.01028008],[106561.8,1e-05],[106561.9,0.00035358],[106562.8,0.020103],[106563.6,1e-05]]},"raw":{}}
{"exchange":"okx","instance_id":"B","symbol":"BTC-USD","event_ts":1762205088.0,"seq":0,"depth":{"last_seq":0,"bids":[[106568.9,0.46938184],[106568.0,0.31454108],[106567.9,0.81803234],[106567.0,0.0101],[106566.4,0.05110325],[106561.0,0.64814068],[106559.3,0.4447861],[106559.2,0.34879851],[106557.0,0.1101],[106556.6,0.04966706],[106551.9,0.5645506],[106551.5,1e-05],[106551.0,0.0101],[106550.3,0.21255226],[106550.2,0.14027371],[106548.4,0.024],[106548.3,0.1],[106547.9,0.12827459]],"asks":[[106552.0,0.01408873],[106552.2,0.00077056],[106552.9,0.00967953],[106553.0,0.0096],[106554.0,0.0096],[106554.8,0.00426727],[106555.4,0.00426727],[106555.6,0.03170883],[106555.9,0.00426727],[106556.1,0.00469269],[106561.1,0.01028008],[106561.8,1e-05],[106561.9,0.00035358],[106562.8,0.020103],[106563.6,1e-05],[106569.0,0.0101],[106569.8,4.695e-05],[106570.0,0.0101],[106570.1,3.399e-05],[106570.7,1.5e-05]]},"raw":{}}
{"exchange":"okx","instance_id":"B","symbol":"BTC-USD","event_ts":1762205088.1,"seq":0,"depth":{"last_seq":0,"bids":[[106576.7,0.64825173],[106576.0,0.01482619],[106573.9,0.04965897],[106573.1,1e-05],[106572.1,0.00337916],[106568.9,0.46938184],[106568.0,0.31454108],[106567.9,0.81803234],[106567.0,0.0101],[106566.4,0.05110325],[106561.0,0.64814068],[106559.3,0.4447861],[106559.2,0.34879851],[106557.0,0.1101],[106556.6,0.04966706],[106551.9,0.5645506],[106551.5,1e-05],[106551.0,0.0101],[106550.3,0.21255226],[106550.2,0.14027371]],"asks":[[106552.0,0.01408873],[106552.2,0.00077056],[106552.9,0.00967953],[106553.0,0.0096],[106554.0,0.0096],[106554.8,0.00426727],[106555.4,0.00426727],[106555.6,0.03170883],[106555.9,0.00426727],[106556.1,0.00469269],[106561.1,0.01028008],[106561.8,1e-05],[106561.9,0.00035358],[106562.8,0.020103],[106563.6,1e-05],[106569.0,0.0101],[106569.8,4.695e-05],[106570.0,0.0101],[106570.1,3.399e-05],[106570.7,1.5e-05]]},"raw":{}}
{"exchange":"okx","instance_id":"B","symbol":"BTC-USD","event_ts":1762205088.2,"seq":0,"depth":{"last_seq":0,"bids":[[106576.7,0.56524296],[106576.0,0.05377619],[106575.8,0.00469117],[106575.6,0.093],[106574.5,0.01],[106573.9,0.04965897],[106573.1,1e-05],[106572.1,0.00337916],[106568.9,0.46938184],[106568.0,0.31454108],[106567.9,0.81803234],[106567.0,0.0101],[106566.4,0.05110325],[106561.0,0.64814068],[106559.3,0.4447861],[106559.2,0.34879851],[106557.0,0.1101],[106556.6,0.04966706],[106551.9,0.5645506],[106551.5,1e-05]],"asks":[[106552.0,0.01408873],[106552.2,0.00077056],[106552.9,0.00967953],[106553.0,0.0096],[106554.0,0.0096],[106554.8,0.00426727],[106555.4,0.00426727],[106555.6,0.03170883],[106555.9,0.00426727],[106556.1,0.00469269],[106561.1,0.01028008],[106561.8,1e-05],[106561.9,0.00035358],[106562.8,0.020103],[106563.6,1e-05],[106569.0,0.0101],[106569.8,4.695e-05],[106570.0,0.0101],[106570.1,3.399e-05],[106570.7,1.5e-05]]},"raw":{}}
{"exchange":"okx","instance_id":"B","symbol":"BTC-USD","event_ts":1762205088.3,"seq":0,"depth":{"last_seq":0,"bids":[[106577.9,0.15939461],[106576.7,0.51090302],[106576.0,0.05377619],[106575.8,0.00469117],[106575.6,0.093],[106574.5,0.01],[106573.9,0.04965897],[106573.1,1e-05],[106572.1,0.00337916],[106568.9,0.46938184],[106568.0,0.31454108],[106567.9,0.81803234],[106567.0,0.0101],[106566.4,0.05110325],[106561.0,0.64814068],[106559.3,0.4447861],[106559.2,0.34879851],[106557.0,0.1101],[106556.6,0.04966706],[106551.9,0.5645506]],"asks":[[106552.0,0.01408873],[106552.2,0.00077056],[106552.9,0.00967953],[106553.0,0.0096],[106554.0,0.0096],[106554.8,0.00426727],[106555.4,0.00426727],[106555.6,0.03170883],[106555.9,0.00426727],[106556.1,0.00469269],[106561.1,0.01028008],[106561.8,1e-05],[106561.9,0.00035358],[106562.8,0.020103],[106563.6,1e-05],[106569.0,0.0101],[106569.8,4.695e-05],[106570.0,0.0101],[106570.1,3.399e-05],[106570.7,1.5e-05]]},"raw":{}}
{"exchange":"okx","instance_id":"B","symbol":"BTC-USD","event_ts":1762205088.4,"seq":0,"depth":{"last_seq":0,"bids":[[106581.2,0.39781974],[106581.0,0.0101],[106579.3,0.06288611],[106579.2,1e-05],[106578.4,0.00392],[106577.9,0.15939461],[106576.7,0.51090302],[106576.0,0.05377619],[106575.8,0.00469117],[106575.6,0.093],[106574.5,0.01],[106573.9,0.04965897],[106573.1,1e-05],[106572.1,0.00337916],[106568.9,0.46938184],[106568.0,0.31454108],[106567.9,0.81803234],[106567.0,0.0101],[106566.4,0.05110325],[106561.0,0.64814068]],"asks":[[106552.0,0.01408873],[106552.2,0.00077056],[106552.9,0.00967953],[106553.0,0.0096],[106554.0,0.0096],[106554.8,0.00426727],[106555.4,0.00426727],[106555.6,0.03170883],[106555.9,0.00426727],[106556.1,0.00469269],[106561.1,0.01028008],[106561.8,1e-05],[106561.9,0.00035358],[106562.8,0.020103],[106563.6,1e-05],[106569.0,0.0101],[106569.8,4.695e-05],[106570.0,0.0101],[106570.1,3.399e-05],[106570.7,1.5e-05]]},"raw":{}}
{"exchange":"okx","instance_id":"B","symbol":"BTC-USD","event_ts":1762205088.5,"seq":0,"depth":{"last_seq":0,"bids":[[106581.2,0.40173974],[106581.0,0.0101],[106579.3,0.06288611],[106579.2,1e-05],[106578.4,0.00392],[106578.2,0.04965698],[106577.9,0.15939461],[106576.7,0.51090302],[106576.0,0.05377619],[106575.8,0.00469117],[106575.6,0.093],[106574.5,0.01],[106573.9,0.04965897],[106573.1,1e-05],[106572.1,0.00337916],[106568.9,0.46938184],[106568.0,0.31454108],[106567.9,0.81803234],[106567.0,0.0101],[106566.4,0.05110325]],"asks":[[106552.0,0.01408873],[106552.2,0.00077056],[106552.9,0.00967953],[106553.0,0.0096],[106554.0,0.0096],[106554.8,0.00426727],[106555.4,0.00426727],[106555.6,0.03170883],[106555.9,0.00426727],[106556.1,0.00469269],[106561.1,0.01028008],[106561.8,1e-05],[106561.9,0.00035358],[106562.8,0.020103],[106563.6,1e-05],[106569.0,0.0101],[106569.8,4.695e-05],[106570.0,0.0101],[106570.1,3.399e-05],[106570.7,1.5e-05]]},"raw":{}}
{"exchange":"okx","instance_id":"B","symbol":"BTC-USD","event_ts":1762205088.6,"seq":0,"depth":{"last_seq":0,"bids":[[106584.4,0.51272884],[106583.9,1e-05],[106582.3,0.088],[106581.6,0.13253244],[106581.5,0.05109602],[106581.2,0.40173974],[106581.0,0.0101],[106579.3,0.06288611],[106579.2,1e-05],[106578.4,0.00392],[106578.2,0.04965698],[106577.9,0.15939461],[106576.7,0.51090302],[106576.0,0.05377619],[106575.8,0.00469117],[106575.6,0.093],[106574.5,0.01],[106573.9,0.04965897],[106573.1,1e-05],[106572.1,0.00337916]],"asks":[[106552.0,0.01408873],[106552.2,0.00077056],[106552.9,0.00967953],[106553.0,0.0096],[106554.0,0.0096],[106554.8,0.00426727],[106555.4,0.00426727],[106555.6,0.03170883],[106555.9,0.00426727],[106556.1,0.00469269],[106561.1,0.01028008],[106561.8,1e-05],[106561.9,0.00035358],[106562.8,0.020103],[106563.6,1e-05],[106569.0,0.0101],[106569.8,4.695e-05],[106570.0,0.0101],[106570.1,3.399e-05],[106570.7,1.5e-05]]},"raw":{}}
{"exchange":"okx","instance_id":"B","symbol":"BTC-USD","event_ts":1762205088.7,"seq":0,"depth":{"last_seq":0,"bids":[[106584.4,0.48768857],[106583.9,1e-05],[106582.3,0.088],[106581.6,0.13253244],[106581.5,0.05109602],[106581.2,0.181],[106581.0,0.0581],[106579.3,0.06288611],[106579.2,1e-05],[106578.4,0.00392],[106578.2,0.04965698],[106577.9,0.15939461],[106576.7,0.51090302],[106576.0,0.05377619],[106575.8,0.00469117],[106575.6,0.093],[106574.5,0.01],[106573.9,0.04965897],[106573.1,1e-05],[106572.1,0.00337916]],"asks":[[106552.0,0.01408873],[106552.2,0.00077056],[106552.9,0.00967953],[106553.0,0.0096],[106554.0,0.0096],[106554.8,0.00426727],[106555.4,0.00426727],[106555.6,0.03170883],[106555.9,0.00426727],[106556.1,0.00469269],[106561.1,0.01028008],[106561.8,1e-05],[106561.9,0.00035358],[106562.8,0.020103],[106563.6,1e-05],[106569.0,0.0101],[106569.8,4.695e-05],[106570.0,0.0101],[106570.1,3.399e-05],[106570.7,1.5e-05]]},"raw":{}}
{"exchange":"okx","instance_id":"B","symbol":"BTC-USD","event_ts":1762205088.8,"seq":0,"depth":{"last_seq":0,"bids":[[106584.4,0.49768857],[106583.9,1e-05],[106582.3,0.088],[106581.6,0.13253244],[106581.5,0.05109602],[106581.2,0.181],[106581.0,0.0581],[106579.3,0.06288611],[106579.2,1e-05],[106578.4,0.00392],[106578.2,0.04965698],[106577.9,0.15939461],[106576.7,0.51090302],[106576.0,0.05377619],[106575.8,0.00469117],[106575.6,0.093],[106574.5,0.01],[106573.9,0.04965897],[106573.1,1e-05],[106572.1,0.00337916]],"asks":[[106552.0,0.01408873],[106552.2,0.00077056],[106552.9,0.00967953],[106553.0,0.0096],[106554.0,0.0096],[106554.8,0.00426727],[106555.4,0.00426727],[106555.6,0.03170883],[106555.9,0.00426727],[106556.1,0.00469269],[106561.1,0.01028008],[106561.8,1e-05],[106561.9,0.00035358],[106562.8,0.020103],[106563.6,1e-05],[106569.0,0.0101],[106569.8,4.695e-05],[106570.0,0.0101],[106570.1,3.399e-05],[106570.7,1.5e-05]]},"raw":{}}
{"exchange":"okx","instance_id":"B","symbol":"BTC-USD","event_ts":1762205088.9,"seq":0,"depth":{"last_seq":0,"bids":[[106584.4,0.35150104],[106583.9,1e-05],[106582.3,0.088],[106581.6,0.13253244],[106581.5,0.05109602],[106581.2,0.181],[106581.0,0.0581],[106579.3,0.06288611],[106579.2,1e-05],[106578.4,0.00392],[106578.2,0.04965698],[106577.9,0.15939461],[106576.7,0.51090302],[106576.0,0.05377619],[106575.8,0.00469117],[106575.6,0.093],[106574.5,0.01],[106573.9,0.04965897],[106573.1,1e-05],[106572.1,0.00337916]],"asks":[[106552.0,0.01408873],[106552.2,0.00077056],[106552.9,0.00967953],[106553.0,0.0096],[106554.0,0.0096],[106554.8,0.00426727],[106555.4,0.00426727],[106555.6,0.03170883],[106555.9,0.00426727],[106556.1,0.00469269],[106561.1,0.01028008],[106561.8,1e-05],[106561.9,0.00035358],[106562.8,0.020103],[106563.6,1e-05],[106569.0,0.0101],[106569.8,4.695e-05],[106570.0,0.0101],[106570.1,3.399e-05],[106570.7,1.5e-05]]},"raw":{}}
{"exchange":"okx","instance_id":"B","symbol":"BTC-USD","event_ts":1762205089.0,"seq":0,"depth":{"last_seq":0,"bids":[[106584.4,0.206366],[106583.9,1e-05],[106582.3,0.088],[106581.6,0.13253244],[106581.5,0.05109602],[106581.2,0.181],[106581.0,0.0101],[106579.5,0.0007704],[106579.3,0.06288611],[106579.2,1e-05],[106578.4,0.00392],[106578.2,0.04965698],[106577.9,0.15939461],[106576.7,0.51090302],[106576.0,0.05377619],[106575.8,0.00469117],[106575.6,0.093],[106574.5,0.01],[106573.9,0.04965897],[106573.1,1e-05]],"asks":[[106552.0,0.01408873],[106552.2,0.00077056],[106552.9,0.00967953],[106553.0,0.0096],[106554.0,0.0096],[106554.8,0.00426727],[106555.4,0.00426727],[106555.6,0.03170883],[106555.9,0.00426727],[106556.1,0.00469269],[106561.1,0.01028008],[106561.8,1e-05],[106561.9,0.00035358],[106562.8,0.020103],[106563.6,1e-05],[106569.0,0.0101],[106569.8,4.695e-05],[106570.0,0.0101],[106570.1,3.399e-05],[106570.7,1.5e-05]]},"raw":{}}
{"exchange":"okx","instance_id":"B","symbol":"BTC-USD","event_ts":1762205089.1,"seq":0,"depth":{"last_seq":0,"bids":[[106584.4,0.01],[106583.9,1e-05],[106582.3,0.088],[106582.0,0.0101],[106581.6,0.13253244],[106581.5,0.05109602],[106581.2,0.181],[106581.0,0.0101],[106579.5,0.0007704],[106579.3,0.06288611],[106579.2,1e-05],[106578.4,0.00392],[106578.2,0.04965698],[106577.9,0.15939461],[106576.7,0.51090302],[106576.0,0.05377619],[106575.8,0.00469117],[106575.6,0.093],[106574.5,0.01],[106573.9,0.04965897]],"asks":[[106552.0,0.01408873],[106552.2,0.00077056],[106552.9,0.00967953],[106553.0,0.0096],[106554.0,0.0096],[106554.8,0.00426727],[106555.4,0.00426727],[106555.6,0.03170883],[106555.9,0.00426727],[106556.1,0.00469269],[106561.1,0.01028008],[106561.8,1e-05],[106561.9,0.00035358],[106562.8,0.020103],[106563.6,1e-05],[106569.0,0.0101],[106569.8,4.695e-05],[106570.0,0.0101],[106570.1,3.399e-05],[106570.7,1.5e-05]]},"raw":{}}
{"exchange":"okx","instance_id":"B","symbol":"BTC-USD","event_ts":1762205089.2,"seq":0,"depth":{"last_seq":0,"bids":[[106584.4,0.01],[106583.9,1e-05],[106582.3,0.088],[106582.0,0.0101],[106581.6,0.13253244],[106581.5,0.05109602],[106581.2,0.181],[106581.0,0.05357488],[106580.0,0.0101],[106579.5,0.0007704],[106579.3,0.06288611],[106579.2,1e-05],[106578.4,0.00392],[106578.2,0.04965698],[106577.9,0.15939461],[106576.7,0.51090302],[106576.0,0.0101],[106575.8,0.00469117],[106575.6,0.093],[106574.5,0.01]],"asks":[[106552.0,0.01408873],[106552.2,0.00077056],[106552.9,0.00967953],[106553.0,0.0096],[106554.0,0.0096],[106554.8,0.00426727],[106555.4,0.00426727],[106555.6,0.03170883],[106555.9,0.00426727],[106556.1,0.00469269],[106561.1,0.01028008],[106561.8,1e-05],[106561.9,0.00035358],[106562.8,0.020103],[106563.6,1e-05],[106569.0,0.0101],[106569.8,4.695e-05],[106570.0,0.0101],[106570.1,3.399e-05],[106570.7,1.5e-05]]},"raw":{}}
{"exchange":"okx","instance_id":"B","symbol":"BTC-USD","event_ts":1762205089.3,"seq":0,"depth":{"last_seq":0,"bids":[[106584.4,0.01],[106583.9,1e-05],[106582.3,0.088],[106582.0,0.0101],[106581.6,0.13253244],[106581.5,0.05109602],[106581.2,0.181],[106581.0,0.05357488],[106580.0,0.0101],[106579.5,0.0007704],[106579.3,0.06288611],[106579.2,1e-05],[106578.4,0.00392],[106578.2,0.04965698],[106577.9,0.15939461],[106576.7,0.51090302],[106576.1,0.01067874],[106576.0,0.0101],[106575.8,0.00469117],[106575.6,0.093]],"asks":[[106552.0,0.01408873],[106552.2,0.00077056],[106552.9,0.00967953],[106553.0,0.0096],[106554.0,0.0096],[106554.8,0.00426727],[106555.4,0.00426727],[106555.6,0.03170883],[106555.9,0.00426727],[106556.1,0.00469269],[106561.1,0.01028008],[106561.8,1e-05],[106561.9,0.00035358],[106562.8,0.020103],[106563.6,1e-05],[106569.0,0.0101],[106569.8,4.695e-05],[106570.0,0.0101],[106570.1,3.399e-05],[106570.7,1.5e-05]]},"raw":{}}
{"exchange":"okx","instance_id":"B","symbol":"BTC-USD","event_ts":1762205089.4,"seq":0,"depth":{"last_seq":0,"bids":[[106584.4,0.01],[106583.9,1e-05],[106582.3,0.088],[106582.0,0.0101],[106581.6,0.13253244],[106581.5,0.05109602],[106581.2,0.181],[106581.0,0.09886519],[106580.0,0.0101],[106579.5,0.0007704],[106579.3,0.06288611],[106579.2,1e-05],[106578.4,0.00392],[106578.2,0.04965698],[106577.9,0.15939461],[106576.7,0.51090302],[106576.2,0.00093855],[106576.1,0.01067874],[106576.0,0.0101],[106575.8,0.00469117]],"asks":[[106552.0,0.01408873],[106552.2,0.00077056],[106552.9,0.00967953],[106553.0,0.0096],[106554.0,0.0096],[106554.8,0.00426727],[106555.4,0.00426727],[106555.6,0.03170883],[106555.9,0.00426727],[106556.1,0.00469269],[106561.1,0.01028008],[106561.8,1e-05],[106561.9,0.00035358],[106562.8,0.020103],[106563.6,1e-05],[106569.0,0.0101],[106569.8,4.695e-05],[106570.0,0.0101],[106570.1,3.399e-05],[106570.7,1.5e-05]]},"raw":{}}
{"exchange":"okx","instance_id":"B","symbol":"BTC-USD","event_ts":1762205089.5,"seq":0,"depth":{"last_seq":0,"bids":[[106584.4,0.01],[106583.9,1e-05],[106582.3,0.088],[106582.0,0.0101],[106581.6,0.13253244],[106581.5,0.05109602],[106581.2,0.181],[106581.0,0.09886519],[106580.0,0.0101],[106579.5,0.00084528],[106579.3,0.06288611],[106579.2,1e-05],[106578.4,0.00392],[106578.2,0.04965698],[106577.9,0.15939461],[106576.7,0.51090302],[106576.2,0.00093855],[106576.1,0.01067874],[106576.0,0.0101],[106575.8,0.00469117]],"asks":[[106552.0,0.01408873],[106552.2,0.00077056],[106552.9,0.00967953],[106553.0,0.0096],[106554.0,0.0096],[106554.8,0.00426727],[106555.4,0.00426727],[106555.6,0.03170883],[106555.9,0.00426727],[106556.1,0.00469269],[106561.1,0.01028008],[106561.8,1e-05],[106561.9,0.00035358],[106562.8,0.020103],[106563.6,1e-05],[106569.0,0.0101],[106569.8,4.695e-05],[106570.0,0.0101],[106570.1,3.399e-05],[106570.7,1.5e-05]]},"raw":{}}
{"exchange":"okx","instance_id":"B","symbol":"BTC-USD","event_ts":1762205089.6,"seq":0,"depth":{"last_seq":0,"bids":[[106584.4,0.01],[106583.9,1e-05],[106582.3,0.088],[106582.0,0.0101],[106581.6,0.13253244],[106581.5,0.05109602],[106581.2,0.181],[106581.0,0.09886519],[106580.0,0.0101],[106579.5,0.00084528],[106579.3,0.06288611],[106579.2,1e-05],[106578.4,0.00392],[106578.2,0.04965698],[106577.9,0.15939461],[106576.7,0.51090302],[106576.2,0.00093855],[106576.1,0.01067874],[106576.0,0.0101],[106575.8,0.00469117]],"asks":[[106552.0,0.01408873],[106552.2,0.00077056],[106552.9,0.00967953],[106553.0,0.0096],[106554.0,0.0096],[106554.8,0.00426727],[106555.4,0.00426727],[106555.6,0.03170883],[106555.9,0.00426727],[106556.1,0.00469269],[106561.1,0.01028008],[106561.8,1e-05],[106561.9,0.00035358],[106562.8,0.020103],[106563.6,1e-05],[106569.0,0.0101],[106569.8,4.695e-05],[106570.0,0.0101],[106570.1,3.399e-05],[106570.7,1.5e-05]]},"raw":{}}
{"exchange":"okx","instance_id":"B","symbol":"BTC-USD","event_ts":1762205089.7,"seq":0,"depth":{"last_seq":0,"bids":[[106584.4,0.01],[106583.9,1e-05],[106582.3,0.088],[106582.0,0.0101],[106581.6,0.13253244],[106581.5,0.05109602],[106581.2,0.181],[106581.0,0.09886519],[106580.0,0.0101],[106579.5,0.00084528],[106579.3,0.06288611],[106579.2,1e-05],[106578.4,0.00392],[106578.2,0.04965698],[106577.9,0.15939461],[106576.7,0.51090302],[106576.2,0.00093855],[106576.1,0.01067874],[106576.0,0.0101],[106575.8,0.00469117]],"asks":[[106552.0,0.01408873],[106552.2,0.00077056],[106552.9,0.00967953],[106553.0,0.0096],[106554.0,0.0096],[106554.8,0.00426727],[106555.4,0.00426727],[106555.6,0.03170883],[106555.9,0.00426727],[106556.1,0.00469269],[106561.1,0.01028008],[106561.8,1e-05],[106561.9,0.00035358],[106562.8,0.020103],[106563.6,1e-05],[106569.0,0.0101],[106569.8,4.695e-05],[106570.0,0.0101],[106570.1,3.399e-05],[106570.7,1.5e-05]]},"raw":{}}
{"exchange":"okx","instance_id":"B","symbol":"BTC-USD","event_ts":1762205089.8,"seq":0,"depth":{"last_seq":0,"bids":[[106584.4,0.01],[106583.9,1e-05],[106582.3,0.088],[106582.0,0.0101],[106581.6,0.13253244],[106581.5,0.05109602],[106581.2,0.181],[106581.0,0.09886519],[106580.0,0.0101],[106579.5,0.0112808],[106579.3,0.06288611],[106579.2,1e-05],[106578.4,0.00392],[106578.2,0.04965698],[106577.9,0.15939461],[106576.7,0.51090302],[106576.2,0.00093855],[106576.1,0.01067874],[106576.0,0.0101],[106575.8,0.00469117]],"asks":[[106552.0,0.01408873],[106552.2,0.00077056],[106552.9,0.00967953],[106553.0,0.0096],[106554.0,0.0096],[106554.8,0.00426727],[106555.4,0.00426727],[106555.6,0.03170883],[106555.9,0.00426727],[106556.1,0.00469269],[106561.1,0.01028008],[106561.8,1e-05],[106561.9,0.00035358],[106562.8,0.020103],[106563.6,1e-05],[106569.0,0.0101],[106569.8,4.695e-05],[106570.0,0.0101],[106570.1,3.399e-05],[106570.7,1.5e-05]]},"raw":{}}
{"exchange":"okx","instance_id":"B","symbol":"BTC-USD","event_ts":1762205089.9,"seq":0,"depth":{"last_seq":0,"bids":[[106584.4,0.01],[106583.9,1e-05],[106582.3,0.088],[106582.0,0.0101],[106581.6,0.13253244],[106581.5,0.05109602],[106581.2,0.181],[106581.0,0.09886519],[106580.0,0.0101],[106579.5,0.0112808],[106579.3,0.06288611],[106579.2,1e-05],[106578.4,0.00392],[106578.2,0.04965698],[106577.9,0.15939461],[106576.7,0.51090302],[106576.2,0.00093855],[106576.1,0.01067874],[106576.0,0.0101],[106575.8,0.00469117]],"asks":[[106552.0,0.01408873],[106552.2,0.00077056],[106552.9,0.00967953],[106553.0,0.0096],[106554.0,0.0096],[106554.8,0.00426727],[106555.4,0.00426727],[106555.6,0.03170883],[106555.9,0.00426727],[106556.1,0.00469269],[106561.1,0.01028008],[106561.8,1e-05],[106561.9,0.00035358],[106562.8,0.020103],[106563.6,1e-05],[106569.0,0.0101],[106569.8,4.695e-05],[106570.0,0.0101],[106570.1,3.399e-05],[106570.7,1.5e-05]]},"raw":{}}
{"exchange":"okx","instance_id":"B","symbol":"BTC-USD","event_ts":1762205090.0,"seq":0,"depth":{"last_seq":0,"bids":[[106584.4,0.01],[106583.9,1e-05],[106582.3,0.088],[106582.0,0.0101],[106581.6,0.13253244],[106581.5,0.05109602],[106581.2,0.181],[106581.0,0.09886519],[106580.0,0.0101],[106579.5,0.0112808],[106579.3,0.06288611],[106579.2,1e-05],[106578.4,0.00392],[106578.2,0.04965698],[106577.9,0.15939461],[106576.7,0.51090302],[106576.2,0.00093855],[106576.1,0.01067874],[106576.0,0.0101],[106575.8,0.00469117]],"asks":[[106552.0,0.01408873],[106552.2,0.00077056],[106552.9,0.00967953],[106553.0,0.0096],[106554.0,0.0096],[106554.8,0.00426727],[106555.4,0.00426727],[106555.6,0.03170883],[106555.9,0.00426727],[106556.1,0.00469269],[106561.1,0.01028008],[106561.8,1e-05],[106561.9,0.00035358],[106562.8,0.020103],[106563.6,1e-05],[106569.0,0.0101],[106569.8,4.695e-05],[106570.0,0.0101],[106570.1,3.399e-05],[106570.7,1.5e-05]]},"raw":{}}
{"exchange":"okx","instance_id":"B","symbol":"BTC-USD","event_ts":1762205090.1,"seq":0,"depth":{"last_seq":0,"bids":[[106584.4,0.01],[106583.9,1e-05],[106582.3,0.088],[106582.0,0.0101],[106581.6,0.13253244],[106581.5,0.05109602],[106581.2,0.181],[106581.0,0.09886519],[106580.0,0.0101],[106579.5,0.18791275],[106579.3,0.06288611],[106579.2,1e-05],[106578.4,0.00392],[106578.2,0.04965698],[106577.9,0.15939461],[106576.7,0.51090302],[106576.2,0.00093855],[106576.1,0.01067874],[106576.0,0.0101],[106575.8,0.00469117]],"asks":[[106552.0,0.01408873],[106552.2,0.00077056],[106552.9,0.00967953],[106553.0,0.0096],[106554.0,0.0096],[106554.8,0.00426727],[106555.4,0.00426727],[106555.6,0.03170883],[106555.9,0.00426727],[106556.1,0.00469269],[106561.1,0.01028008],[106561.8,1e-05],[106561.9,0.00035358],[106562.8,0.020103],[106563.6,1e-05],[106569.0,0.0101],[106569.8,4.695e-05],[106570.0,0.0101],[106570.1,3.399e-05],[106570.7,1.5e-05]]},"raw":{}}
{"exchange":"okx","instance_id":"B","symbol":"BTC-USD","event_ts":1762205090.2,"seq":0,"depth":{"last_seq":0,"bids":[[106584.4,0.01],[106583.9,1e-05],[106582.3,0.088],[106582.0,0.0101],[106581.6,0.13253244],[106581.5,0.05109602],[106581.2,0.181],[106581.0,0.09886519],[106580.0,0.0101],[106579.5,0.2047001],[106579.3,0.06288611],[106579.2,1e-05],[106578.4,0.00392],[106578.2,0.04965698],[106577.9,0.15939461],[106576.7,0.51090302],[106576.2,0.00093855],[106576.1,0.01067874],[106576.0,0.0101],[106575.8,0.00469117]],"asks":[[106552.0,0.01408873],[106552.2,0.00077056],[106552.9,0.00967953],[106553.0,0.0096],[106554.0,0.0096],[106554.8,0.00426727],[106555.4,0.00426727],[106555.6,0.03170883],[106555.9,0.00426727],[106556.1,0.00469269],[106561.1,0.01028008],[106561.8,1e-05],[106561.9,0.00035358],[106562.8,0.020103],[106563.6,1e-05],[106569.0,0.0101],[106569.8,4.695e-05],[106570.0,0.0101],[106570.1,3.399e-05],[106570.7,1.5e-05]]},"raw":{}}
{"exchange":"okx","instance_id":"B","symbol":"BTC-USD","event_ts":1762205090.3,"seq":0,"depth":{"last_seq":0,"bids":[[106584.4,0.01],[106583.9,1e-05],[106582.3,0.088],[106582.0,0.0101],[106581.6,0.13253244],[106581.5,0.05109602],[106581.2,0.181],[106581.0,0.09886519],[106580.0,0.0101],[106579.5,0.30208275],[106579.3,0.06288611],[106579.2,1e-05],[106578.4,0.00392],[106578.2,0.04965698],[106577.9,0.15939461],[106576.7,0.51090302],[106576.2,0.00093855],[106576.1,0.01067874],[106576.0,0.0101],[106575.8,0.00469117]],"asks":[[106552.0,0.01408873],[106552.2,0.00077056],[106552.9,0.00967953],[106553.0,0.0096],[106554.0,0.0096],[106554.8,0.00426727],[106555.4,0.00426727],[106555.6,0.03170883],[106555.9,0.00426727],[106556.1,0.00469269],[106561.1,0.01028008],[106561.8,1e-05],[106561.9,0.00035358],[106562.8,0.020103],[106563.6,1e-05],[106569.0,0.0101],[106569.8,4.695e-05],[106570.0,0.0101],[106570.1,3.399e-05],[106570.7,1.5e-05]]},"raw":{}}
{"exchange":"okx","instance_id":"B","symbol":"BTC-USD","event_ts":1762205090.4,"seq":0,"depth":{"last_seq":0,"bids":[[106584.4,0.01],[106583.9,1e-05],[106582.3,0.088],[106582.0,0.0101],[106581.6,0.13253244],[106581.5,0.05109602],[106581.2,0.181],[106581.0,0.09886519],[106580.0,0.0101],[106579.9,0.49169339],[106579.8,0.13171163],[106579.7,0.00392],[106579.6,0.05865833],[106579.5,0.0992808],[106579.3,0.06288611],[106579.2,1e-05],[106578.4,0.00392],[106578.2,0.04965698],[106577.9,0.15939461],[106576.7,0.51090302]],"asks":[[106552.0,0.01408873],[106552.2,0.00077056],[106552.9,0.00967953],[106553.0,0.0096],[106554.0,0.0096],[106554.8,0.00426727],[106555.4,0.00426727],[106555.6,0.03170883],[106555.9,0.00426727],[106556.1,0.00469269],[106561.1,0.01028008],[106561.8,1e-05],[106561.9,0.00035358],[106562.8,0.020103],[106563.6,1e-05],[106569.0,0.0101],[106569.8,4.695e-05],[106570.0,0.0101],[106570.1,3.399e-05],[106570.7,1.5e-05]]},"raw":{}}
{"exchange":"okx","instance_id":"B","symbol":"BTC-USD","event_ts":1762205090.5,"seq":0,"depth":{"last_seq":0,"bids":[[106584.4,0.01],[106583.9,1e-05],[106582.3,0.088],[106582.0,0.0101],[106581.6,0.13253244],[106581.5,0.05109602],[106581.2,0.181],[106581.0,0.09886519],[106580.0,0.0101],[106579.9,0.39291015],[106579.8,0.13171163],[106579.7,0.00392],[106579.6,0.05865833],[106579.5,0.0992808],[106579.3,0.06288611],[106579.2,0.1],[106578.4,0.00392],[106578.2,0.04965698],[106577.9,0.15939461],[106576.7,0.51090302]],"asks":[[106552.0,0.01408873],[106552.2,0.00077056],[106552.9,0.00967953],[106553.0,0.0096],[106554.0,0.0096],[106554.8,0.00426727],[106555.4,0.00426727],[106555.6,0.03170883],[106555.9,0.00426727],[106556.1,0.00469269],[106561.1,0.01028008],[106561.8,1e-05],[106561.9,0.00035358],[106562.8,0.020103],[106563.6,1e-05],[106569.0,0.0101],[106569.8,4.695e-05],[106570.0,0.0101],[106570.1,3.399e-05],[106570.7,1.5e-05]]},"raw":{}}
{"exchange":"okx","instance_id":"B","symbol":"BTC-USD","event_ts":1762205090.9,"seq":0,"depth":{"last_seq":0,"bids":[[106584.4,0.01],[106583.9,1e-05],[106582.3,0.088],[106582.0,0.0101],[106581.6,0.13253244],[106581.5,0.05109602],[106581.2,0.181],[106581.0,0.09886519],[106580.0,0.0101],[106579.9,0.40557515],[106579.8,0.13171163],[106579.7,0.00392],[106579.6,0.05865833],[106579.5,0.0992808],[106579.3,0.06288611],[106579.2,0.1],[106578.4,0.00392],[106578.2,0.04965698],[106577.9,0.15939461],[106576.7,0.51090302]],"asks":[[106552.0,0.01408873],[106552.2,0.00077056],[106552.9,0.00967953],[106553.0,0.0096],[106554.0,0.0096],[106554.8,0.00426727],[106555.4,0.00426727],[106555.6,0.03170883],[106555.9,0.00426727],[106556.1,0.00469269],[106561.1,0.01028008],[106561.8,1e-05],[106561.9,0.00035358],[106562.8,0.020103],[106563.6,1e-05],[106569.0,0.0101],[106569.8,4.695e-05],[106570.0,0.0101],[106570.1,3.399e-05],[106570.7,1.5e-05]]},"raw":{}}
{"exchange":"okx","instance_id":"B","symbol":"BTC-USD","event_ts":1762205091.0,"seq":0,"depth":{"last_seq":0,"bids":[[106584.4,0.01],[106583.9,1e-05],[106582.3,0.088],[106582.0,0.0101],[106581.6,0.13253244],[106581.5,0.05109602],[106581.2,0.181],[106581.0,0.09886519],[106580.0,0.0101],[106579.9,0.24086021],[106579.8,1e-05],[106579.7,0.00392],[106579.6,0.05865833],[106579.5,0.0112808],[106579.3,0.06288611],[106579.2,0.1],[106578.4,0.00392],[106578.2,0.04965698],[106577.9,0.15939461],[106576.7,0.51090302]],"asks":[[106552.0,0.01408873],[106552.2,0.00077056],[106552.9,0.00967953],[106553.0,0.0096],[106554.0,0.0096],[106554.8,0.00426727],[106555.4,0.00426727],[106555.6,0.03170883],[106555.9,0.00426727],[106556.1,0.00469269],[106561.1,0.01028008],[106561.8,1e-05],[106561.9,0.00035358],[106562.8,0.020103],[106563.6,1e-05],[106569.0,0.0101],[106569.8,4.695e-05],[106570.0,0.0101],[106570.1,3.399e-05],[106570.7,1.5e-05]]},"raw":{}}
{"exchange":"okx","instance_id":"B","symbol":"BTC-USD","event_ts":1762205091.1,"seq":0,"depth":{"last_seq":0,"bids":[[106584.4,0.01],[106583.9,1e-05],[106582.3,0.088],[106582.0,0.0101],[106581.6,0.13253244],[106581.5,0.05109602],[106581.2,0.181],[106581.0,0.09886519],[106580.0,0.0101],[106579.9,0.22631825],[106579.8,1e-05],[106579.7,0.00392],[106579.6,0.05865833],[106579.5,0.0112808],[106579.3,0.06288611],[106579.2,0.1],[106578.4,0.00392],[106578.2,0.04965698],[106577.9,0.15939461],[106576.7,0.51090302]],"asks":[[106552.0,0.01408873],[106552.2,0.00077056],[106552.9,0.00967953],[106553.0,0.0096],[106554.0,0.0096],[106554.8,0.00426727],[106555.4,0.00426727],[106555.6,0.03170883],[106555.9,0.00426727],[106556.1,0.00469269],[106561.1,0.01028008],[106561.8,1e-05],[106561.9,0.00035358],[106562.8,0.020103],[106563.6,1e-05],[106569.0,0.0101],[106569.8,4.695e-05],[106570.0,0.0101],[106570.1,3.399e-05],[106570.7,1.5e-05]]},"raw":{}}
{"exchange":"okx","instance_id":"B","symbol":"BTC-USD","event_ts":1762205091.3,"seq":0,"depth":{"last_seq":0,"bids":[[106584.4,0.01],[106583.9,1e-05],[106582.3,0.088],[106582.0,0.0101],[106581.6,0.13253244],[106581.5,0.05109602],[106581.2,0.181],[106581.0,0.09886519],[106580.0,0.0101],[106579.9,0.22631825],[106579.8,1e-05],[106579.7,0.00392],[106579.6,0.05865833],[106579.5,0.0112808],[106579.3,0.06288611],[106579.2,0.1],[106578.4,0.00392],[106578.2,0.04965698],[106577.9,0.15939461],[106576.7,0.51090302]],"asks":[[106552.0,0.01408873],[106552.2,0.00077056],[106552.9,0.00967953],[106553.0,0.0096],[106554.0,0.0096],[106554.8,0.00426727],[106555.4,0.00426727],[106555.6,0.03170883],[106555.9,0.00426727],[106556.1,0.00469269],[106561.1,0.01028008],[106561.8,1e-05],[106561.9,0.00035358],[106562.8,0.020103],[106563.6,1e-05],[106569.0,0.0101],[106569.8,4.695e-05],[106570.0,0.0101],[106570.1,3.399e-05],[106570.7,1.5e-05]]},"raw":{}}
{"exchange":"okx","instance_id":"B","symbol":"BTC-USD","event_ts":1762205091.4,"seq":0,"depth":{"last_seq":0,"bids":[[106584.4,0.01],[106583.9,1e-05],[106582.3,0.088],[106582.0,0.0101],[106581.6,0.13253244],[106581.5,0.05109602],[106581.2,0.181],[106581.0,0.09886519],[106580.0,0.0101],[106579.9,0.23570087],[106579.8,1e-05],[106579.7,0.00392],[106579.6,0.05865833],[106579.5,0.0112808],[106579.3,0.06288611],[106579.2,0.1],[106578.4,0.00392],[106578.2,0.04965698],[106577.9,0.15939461],[106576.7,0.51090302]],"asks":[[106552.0,0.01408873],[106552.2,0.00077056],[106552.9,0.00967953],[106553.0,0.0096],[106554.0,0.0096],[106554.8,0.00426727],[106555.4,0.00426727],[106555.6,0.03170883],[106555.9,0.00426727],[106556.1,0.00469269],[106561.1,0.01028008],[106561.8,1e-05],[106561.9,0.00035358],[106562.8,0.020103],[106563.6,1e-05],[106569.0,0.0101],[106569.8,4.695e-05],[106570.0,0.0101],[106570.1,3.399e-05],[106570.7,1.5e-05]]},"raw":{}}
{"exchange":"okx","instance_id":"B","symbol":"BTC-USD","event_ts":1762205091.5,"seq":0,"depth":{"last_seq":0,"bids":[[106584.4,0.01],[106583.9,1e-05],[106582.3,0.088],[106582.0,0.0101],[106581.6,0.13253244],[106581.5,0.05109602],[106581.2,0.181],[106581.0,0.09886519],[106580.0,0.0101],[106579.9,0.22631825],[106579.8,1e-05],[106579.7,0.00392],[106579.6,0.04814793],[106579.5,0.0112808],[106579.3,0.06288611],[106579.2,0.1],[106578.4,0.00392],[106578.2,0.04965698],[106577.9,0.15939461],[106576.7,0.51090302]],"asks":[[106552.0,0.01408873],[106552.2,0.00077056],[106552.9,0.00967953],[106553.0,0.0096],[106554.0,0.0096],[106554.8,0.00426727],[106555.4,0.00426727],[106555.6,0.03170883],[106555.9,0.00426727],[106556.1,0.00469269],[106561.1,0.01028008],[106561.8,1e-05],[106561.9,0.00035358],[106562.8,0.020103],[106563.6,1e-05],[106569.0,0.0101],[106569.8,4.695e-05],[106570.0,0.0101],[106570.1,3.399e-05],[106570.7,1.5e-05]]},"raw":{}}
{"exchange":"okx","instance_id":"B","symbol":"BTC-USD","event_ts":1762205091.6,"seq":0,"depth":{"last_seq":0,"bids":[[106584.4,0.01],[106583.9,1e-05],[106582.3,0.088],[106582.0,0.0101],[106581.6,0.13253244],[106581.5,0.05109602],[106581.2,0.181],[106581.0,0.09886519],[106580.0,0.0101],[106579.9,0.22631825],[106579.8,1e-05],[106579.7,0.00392],[106579.6,0.04814793],[106579.5,0.0112808],[106579.3,0.06288611],[106579.2,0.1],[106578.4,0.00392],[106578.2,0.04965698],[106577.9,0.15939461],[106576.7,0.51090302]],"asks":[[106552.0,0.01408873],[106552.2,0.00077056],[106552.9,0.00967953],[106553.0,0.0096],[106554.0,0.0096],[106554.8,0.00426727],[106555.4,0.00426727],[106555.6,0.03170883],[106555.9,0.00426727],[106556.1,0.00469269],[106561.1,0.01028008],[106561.8,1e-05],[106561.9,0.00035358],[106562.8,0.020103],[106563.6,1e-05],[106569.0,0.0101],[106569.8,4.695e-05],[106570.0,0.0101],[106570.1,3.399e-05],[106570.7,1.5e-05]]},"raw":{}}
{"exchange":"okx","instance_id":"B","symbol":"BTC-USD","event_ts":1762205091.7,"seq":0,"depth":{"last_seq":0,"bids":[[106584.4,0.01],[106583.9,1e-05],[106582.3,0.088],[106582.0,0.0101],[106581.6,0.13253244],[106581.5,0.05109602],[106581.2,0.181],[106581.0,0.09886519],[106580.0,0.0101],[106579.9,0.2389603],[106579.8,1e-05],[106579.7,0.00392],[106579.6,0.04814793],[106579.5,0.0112808],[106579.3,0.06288611],[106579.2,0.1],[106578.4,0.00392],[106578.2,0.04965698],[106577.9,0.15939461],[106576.7,0.51090302]],"asks":[[106552.0,0.01408873],[106552.2,0.00077056],[106552.9,0.00967953],[106553.0,0.0096],[106554.0,0.0096],[106554.8,0.00426727],[106555.4,0.00426727],[106555.6,0.03170883],[106555.9,0.00426727],[106556.1,0.00469269],[106561.1,0.01028008],[106561.8,1e-05],[106561.9,0.00035358],[106562.8,0.020103],[106563.6,1e-05],[106569.0,0.0101],[106569.8,4.695e-05],[106570.0,0.0101],[106570.1,3.399e-05],[106570.7,1.5e-05]]},"raw":{}}
{"exchange":"okx","instance_id":"B","symbol":"BTC-USD","event_ts":1762205091.9,"seq":0,"depth":{"last_seq":0,"bids":[[106584.4,0.01],[106583.9,1e-05],[106582.3,0.088],[106582.0,0.0101],[106581.6,0.13253244],[106581.5,0.05109602],[106581.2,0.181],[106581.0,0.09886519],[106580.0,0.0101],[106579.9,0.2389603],[106579.8,1e-05],[106579.7,0.00392],[106579.6,0.04814793],[106579.5,0.0112808],[106579.3,0.06288611],[106579.2,0.1],[106578.4,0.00392],[106578.2,0.04965698],[106577.9,0.15939461],[106576.7,0.51090302]],"asks":[[106552.0,0.01408873],[106552.2,0.00077056],[106552.9,0.00967953],[106553.0,0.0096],[106554.0,0.0096],[106554.8,0.00426727],[106555.4,0.00426727],[106555.6,0.03170883],[106555.9,0.00426727],[106556.1,0.00469269],[106561.1,0.01028008],[106561.8,1e-05],[106561.9,0.00035358],[106562.8,0.020103],[106563.6,1e-05],[106569.0,0.0101],[106569.8,4.695e-05],[106570.0,0.0101],[106570.1,3.399e-05],[106570.7,1.5e-05]]},"raw":{}}
{"exchange":"okx","instance_id":"B","symbol":"BTC-USD","event_ts":1762205092.0,"seq":0,"depth":{"last_seq":0,"bids":[[106584.4,0.01],[106583.9,1e-05],[106582.3,0.088],[106582.0,0.0101],[106581.9,0.42425767],[106581.6,0.13253244],[106581.5,0.00249031],[106581.2,0.181],[106581.0,0.09886519],[106580.5,0.05051402],[106580.1,0.04781395],[106580.0,0.01050152],[106579.9,0.2389603],[106579.8,1e-05],[106579.7,0.00392],[106579.6,0.04814793],[106579.5,0.0112808],[106579.3,0.06288611],[106579.2,0.1],[106578.4,0.00392]],"asks":[[106552.0,0.01408873],[106552.2,0.00077056],[106552.9,0.00967953],[106553.0,0.0096],[106554.0,0.0096],[106554.8,0.00426727],[106555.4,0.00426727],[106555.6,0.03170883],[106555.9,0.00426727],[106556.1,0.00469269],[106561.1,0.01028008],[106561.8,1e-05],[106561.9,0.00035358],[106562.8,0.020103],[106563.6,1e-05],[106569.0,0.0101],[106569.8,4.695e-05],[106570.0,0.0101],[106570.1,3.399e-05],[106570.7,1.5e-05]]},"raw":{}}
{"exchange":"okx","instance_id":"B","symbol":"BTC-USD","event_ts":1762205092.1,"seq":0,"depth":{"last_seq":0,"bids":[[106584.4,0.01],[106583.9,1e-05],[106582.3,0.088],[106582.0,0.0101],[106581.9,0.42425767],[106581.6,0.13253244],[106581.5,0.00249031],[106581.2,0.181],[106581.0,0.09886519],[106580.5,0.05051402],[106580.1,0.04781395],[106580.0,0.01050152],[106579.9,0.2389603],[106579.8,1e-05],[106579.7,0.00392],[106579.6,0.04814793],[106579.5,0.0112808],[106579.3,0.06288611],[106579.2,0.1],[106578.4,0.00392]],"asks":[[106552.0,0.01408873],[106552.2,0.00077056],[106552.9,0.00967953],[106553.0,0.0096],[106554.0,0.0096],[106554.8,0.00426727],[106555.4,0.00426727],[106555.6,0.03170883],[106555.9,0.00426727],[106556.1,0.00469269],[106561.1,0.01028008],[106561.8,1e-05],[106561.9,0.00035358],[106562.8,0.020103],[106563.6,1e-05],[106569.0,0.0101],[106569.8,4.695e-05],[106570.0,0.0101],[106570.1,3.399e-05],[106570.7,1.5e-05]]},"raw":{}}
{"exchange":"okx","instance_id":"B","symbol":"BTC-USD","event_ts":1762205092.2,"seq":0,"depth":{"last_seq":0,"bids":[[106584.4,0.01],[106583.9,1e-05],[106582.3,0.088],[106582.0,0.0101],[106581.9,0.42425767],[106581.6,0.13253244],[106581.5,0.00249031],[106581.2,0.181],[106581.0,0.09886519],[106580.5,0.05051402],[106580.1,0.04781395],[106580.0,0.01050152],[106579.9,0.2389603],[106579.8,1e-05],[106579.7,0.00392],[106579.6,0.04814793],[106579.5,0.0112808],[106579.3,0.06288611],[106579.2,0.1],[106578.4,0.00392]],"asks":[[106552.0,0.01408873],[106552.2,0.00077056],[106552.9,0.00967953],[106553.0,0.0096],[106554.0,0.0096],[106554.8,0.00426727],[106555.4,0.00426727],[106555.6,0.03170883],[106555.9,0.00426727],[106556.1,0.00469269],[106561.1,0.01028008],[106561.8,1e-05],[106561.9,0.00035358],[106562.8,0.020103],[106563.6,1e-05],[106569.0,0.0101],[106569.8,4.695e-05],[106570.0,0.0101],[106570.1,3.399e-05],[106570.7,1.5e-05]]},"raw":{}}
{"exchange":"okx","instance_id":"B","symbol":"BTC-USD","event_ts":1762205092.3,"seq":0,"depth":{"last_seq":0,"bids":[[106584.4,0.01],[106583.9,1e-05],[106582.3,0.088],[106582.0,0.0101],[106581.9,0.41407523],[106581.6,0.13253244],[106581.5,0.00249031],[106581.2,0.181],[106581.0,0.09886519],[106580.5,0.05051402],[106580.1,0.04781395],[106580.0,0.01050152],[106579.9,0.2389603],[106579.8,1e-05],[106579.7,0.00392],[106579.6,0.04814793],[106579.5,0.0112808],[106579.3,0.06288611],[106579.2,0.1],[106578.4,0.00392]],"asks":[[106552.0,0.01408873],[106552.2,0.00077056],[106552.9,0.00967953],[106553.0,0.0096],[106554.0,0.0096],[106554.8,0.00426727],[106555.4,0.00426727],[106555.6,0.03170883],[106555.9,0.00426727],[106556.1,0.00469269],[106561.1,0.01028008],[106561.8,1e-05],[106561.9,0.00035358],[106562.8,0.020103],[106563.6,1e-05],[106569.0,0.0101],[106569.8,4.695e-05],[106570.0,0.0101],[106570.1,3.399e-05],[106570.7,1.5e-05]]},"raw":{}}
{"exchange":"okx","instance_id":"B","symbol":"BTC-USD","event_ts":1762205092.4,"seq":0,"depth":{"last_seq":0,"bids":[[106584.4,0.01],[106583.9,1e-05],[106582.3,0.088],[106582.0,0.0101],[106581.9,7.488e-05],[106581.6,0.13253244],[106581.5,0.00249031],[106581.2,0.181],[106581.0,0.09886519],[106580.5,0.05051402],[106580.1,0.04781395],[106580.0,0.01050152],[106579.9,0.2389603],[106579.8,1e-05],[106579.7,0.00392],[106579.6,0.04814793],[106579.5,0.0007704],[106579.3,0.06288611],[106579.2,0.1],[106578.4,0.00392]],"asks":[[106552.0,0.01408873],[106552.2,0.00077056],[106552.9,0.00967953],[106553.0,0.0096],[106554.0,0.0096],[106554.8,0.00426727],[106555.4,0.00426727],[106555.6,0.03170883],[106555.9,0.00426727],[106556.1,0.00469269],[106561.1,0.01028008],[106561.8,1e-05],[106561.9,0.00035358],[106562.8,0.020103],[106563.6,1e-05],[106569.0,0.0101],[106569.8,4.695e-05],[106570.0,0.0101],[106570.1,3.399e-05],[106570.7,1.5e-05]]},"raw":{}}
{"exchange":"okx","instance_id":"B","symbol":"BTC-USD","event_ts":1762205092.5,"seq":0,"depth":{"last_seq":0,"bids":[[106584.4,0.01],[106583.9,1e-05],[106582.3,0.088],[106582.0,0.0101],[106581.9,7.488e-05],[106581.6,0.13253244],[106581.5,0.00249031],[106581.2,0.181],[106581.0,0.09886519],[106580.5,0.05051402],[106580.1,0.04781395],[106580.0,0.01050152],[106579.9,0.2389603],[106579.8,1e-05],[106579.7,0.00392],[106579.6,0.04814793],[106579.5,0.00082036],[106579.3,0.06288611],[106579.2,0.1],[106578.4,0.00392]],"asks":[[106552.0,0.01408873],[106552.2,0.00077056],[106552.9,0.00967953],[106553.0,0.0096],[106554.0,0.0096],[106554.8,0.00426727],[106555.4,0.00426727],[106555.6,0.03170883],[106555.9,0.00426727],[106556.1,0.00469269],[106561.1,0.01028008],[106561.8,1e-05],[106561.9,0.00035358],[106562.8,0.020103],[106563.6,1e-05],[106569.0,0.0101],[106569.8,4.695e-05],[106570.0,0.0101],[106570.1,3.399e-05],[106570.7,1.5e-05]]},"raw":{}}
{"exchange":"okx","instance_id":"B","symbol":"BTC-USD","event_ts":1762205092.6,"seq":0,"depth":{"last_seq":0,"bids":[[106584.4,0.01],[106583.9,1e-05],[106582.3,0.088],[106582.0,0.0101],[106581.9,7.488e-05],[106581.6,0.13253244],[106581.5,0.00249031],[106581.2,0.181],[106581.0,0.09886519],[106580.5,0.05051402],[106580.1,0.04781395],[106580.0,0.01050152],[106579.9,0.2389603],[106579.8,1e-05],[106579.7,0.00392],[106579.6,0.04814793],[106579.5,0.00082036],[106579.3,0.06288611],[106579.2,0.1],[106578.4,0.00392]],"asks":[[106552.0,0.01408873],[106552.2,0.00077056],[106552.9,0.00967953],[106553.0,0.0096],[106554.0,0.0096],[106554.8,0.00426727],[106555.4,0.00426727],[106555.6,0.03170883],[106555.9,0.00426727],[106556.1,0.00469269],[106561.1,0.01028008],[106561.8,1e-05],[106561.9,0.00035358],[106562.8,0.020103],[106563.6,1e-05],[106569.0,0.0101],[106569.8,4.695e-05],[106570.0,0.0101],[106570.1,3.399e-05],[106570.7,1.5e-05]]},"raw":{}}
{"exchange":"okx","instance_id":"B","symbol":"BTC-USD","event_ts":1762205092.7,"seq":0,"depth":{"last_seq":0,"bids":[[106584.4,0.01],[106583.9,1e-05],[106582.3,0.088],[106582.0,0.0101],[106581.9,7.488e-05],[106581.6,0.13253244],[106581.5,0.00249031],[106581.2,0.181],[106581.0,0.09886519],[106580.5,0.05051402],[106580.1,0.04781395],[106580.0,0.01050152],[106579.9,0.2389603],[106579.8,1e-05],[106579.7,0.00392],[106579.6,0.04814793],[106579.5,0.01020301],[106579.3,0.06288611],[106579.2,0.1],[106578.4,0.00392]],"asks":[[106552.0,0.01408873],[106552.2,0.00077056],[106552.9,0.00967953],[106553.0,0.0096],[106554.0,0.0096],[106554.8,0.00426727],[106555.4,0.00426727],[106555.6,0.03170883],[106555.9,0.00426727],[106556.1,0.00469269],[106561.1,0.01028008],[106561.8,1e-05],[106561.9,0.00035358],[106562.8,0.020103],[106563.6,1e-05],[106569.0,0.0101],[106569.8,4.695e-05],[106570.0,0.0101],[106570.1,3.399e-05],[106570.7,1.5e-05]]},"raw":{}}
{"exchange":"okx","instance_id":"B","symbol":"BTC-USD","event_ts":1762205092.8,"seq":0,"depth":{"last_seq":0,"bids":[[106584.4,0.01],[106583.9,1e-05],[106582.3,0.088],[106582.0,0.0101],[106581.9,7.488e-05],[106581.6,0.13253244],[106581.5,0.00249031],[106581.2,0.181],[106581.0,0.09886519],[106580.5,0.05051402],[106580.1,0.04781395],[106580.0,0.01050152],[106579.9,0.2389603],[106579.8,1e-05],[106579.7,0.00392],[106579.6,0.04814793],[106579.5,0.13621067],[106579.3,0.06288611],[106579.2,0.1],[106578.4,0.00392]],"asks":[[106552.0,0.01408873],[106552.2,0.00077056],[106552.9,0.00967953],[106553.0,0.0096],[106554.0,0.0096],[106554.8,0.00426727],[106555.4,0.00426727],[106555.6,0.03170883],[106555.9,0.00426727],[106556.1,0.00469269],[106561.1,0.01028008],[106561.8,1e-05],[106561.9,0.00035358],[106562.8,0.020103],[106563.6,1e-05],[106569.0,0.0101],[106569.8,4.695e-05],[106570.0,0.0101],[106570.1,3.399e-05],[106570.7,1.5e-05]]},"raw":{}}
{"exchange":"okx","instance_id":"B","symbol":"BTC-USD","event_ts":1762205092.9,"seq":0,"depth":{"last_seq":0,"bids":[[106584.4,0.01],[106583.9,1e-05],[106582.3,0.088],[106582.0,0.0101],[106581.9,7.488e-05],[106581.6,0.13253244],[106581.5,0.00249031],[106581.2,0.181],[106581.0,0.09886519],[106580.5,0.05051402],[106580.1,0.04781395],[106580.0,0.01050152],[106579.9,0.2389603],[106579.8,1e-05],[106579.7,0.00392],[106579.6,0.04814793],[106579.5,0.00082036],[106579.3,0.06288611],[106579.2,0.1],[106578.4,0.00392]],"asks":[[106552.0,0.01408873],[106552.2,0.00077056],[106552.9,0.00967953],[106553.0,0.0096],[106554.0,0.0096],[106554.8,0.00426727],[106555.4,0.00426727],[106555.6,0.03170883],[106555.9,0.00426727],[106556.1,0.00469269],[106561.1,0.01028008],[106561.8,1e-05],[106561.9,0.00035358],[106562.8,0.020103],[106563.6,1e-05],[106569.0,0.0101],[106569.8,4.695e-05],[106570.0,0.0101],[106570.1,3.399e-05],[106570.7,1.5e-05]]},"raw":{}}
{"exchange":"okx","instance_id":"B","symbol":"BTC-USD","event_ts":1762205093.0,"seq":0,"depth":{"last_seq":0,"bids":[[106584.4,0.01],[106583.9,1e-05],[106582.3,0.088],[106582.0,0.0101],[106581.9,7.488e-05],[106581.6,0.13253244],[106581.5,0.00249031],[106581.2,0.181],[106581.0,0.09886519],[106580.5,0.05051402],[106580.1,0.04781395],[106580.0,0.01050152],[106579.9,0.2389603],[106579.8,1e-05],[106579.7,0.00392],[106579.6,0.04814793],[106579.5,0.00082036],[106579.3,0.06288611],[106579.2,0.1],[106578.4,0.00392]],"asks":[[106552.0,0.01408873],[106552.2,0.00077056],[106552.9,0.00967953],[106553.0,0.0096],[106554.0,0.0096],[106554.8,0.00426727],[106555.4,0.00426727],[106555.6,0.03170883],[106555.9,0.00426727],[106556.1,0.00469269],[106561.1,0.01028008],[106561.8,1e-05],[106561.9,0.00035358],[106562.8,0.020103],[106563.6,1e-05],[106569.0,0.0101],[106569.8,4.695e-05],[106570.0,0.0101],[106570.1,3.399e-05],[106570.7,1.5e-05]]},"raw":{}}
{"exchange":"okx","instance_id":"B","symbol":"BTC-USD","event_ts":1762205093.1,"seq":0,"depth":{"last_seq":0,"bids":[[106584.4,0.01],[106583.9,1e-05],[106582.3,0.088],[106582.0,0.0101],[106581.9,7.488e-05],[106581.6,0.13253244],[106581.5,0.00249031],[106581.2,0.181],[106581.0,0.09886519],[106580.5,0.05051402],[106580.1,0.04781395],[106580.0,0.01050152],[106579.9,0.2389603],[106579.8,1e-05],[106579.7,0.00392],[106579.6,0.04814793],[106579.5,0.00082036],[106579.3,0.06288611],[106579.2,0.1],[106578.4,0.00392]],"asks":[[106552.0,0.01408873],[106552.2,0.00077056],[106552.9,0.00967953],[106553.0,0.0096],[106554.0,0.0096],[106554.8,0.00426727],[106555.4,0.00426727],[106555.6,0.03170883],[106555.9,0.00426727],[106556.1,0.00469269],[106561.1,0.01028008],[106561.8,1e-05],[106561.9,0.00035358],[106562.8,0.020103],[106563.6,1e-05],[106569.0,0.0101],[106569.8,4.695e-05],[106570.0,0.0101],[106570.1,3.399e-05],[106570.7,1.5e-05]]},"raw":{}}
{"exchange":"okx","instance_id":"B","symbol":"BTC-USD","event_ts":1762205093.2,"seq":0,"depth":{"last_seq":0,"bids":[[106584.4,0.01],[106583.9,1e-05],[106582.3,0.088],[106582.0,0.0101],[106581.9,7.488e-05],[106581.6,0.13253244],[106581.5,0.00249031],[106581.2,0.181],[106581.0,0.09886519],[106580.5,0.05051402],[106580.1,0.04781395],[106580.0,0.01050152],[106579.9,0.2389603],[106579.8,1e-05],[106579.7,0.00392],[106579.6,0.04814793],[106579.5,0.00082036],[106579.3,0.06288611],[106579.2,0.1],[106578.4,0.00392]],"asks":[[106552.0,0.01408873],[106552.2,0.00077056],[106552.9,0.00967953],[106553.0,0.0096],[106554.0,0.0096],[106554.8,0.00426727],[106555.4,0.00426727],[106555.6,0.03170883],[106555.9,0.00426727],[106556.1,0.00469269],[106561.1,0.01028008],[106561.8,1e-05],[106561.9,0.00035358],[106562.8,0.020103],[106563.6,1e-05],[106569.0,0.0101],[106569.8,4.695e-05],[106570.0,0.0101],[106570.1,3.399e-05],[106570.7,1.5e-05]]},"raw":{}}
{"exchange":"okx","instance_id":"B","symbol":"BTC-USD","event_ts":1762205093.3,"seq":0,"depth":{"last_seq":0,"bids":[[106584.4,0.01],[106583.9,1e-05],[106582.3,0.088],[106582.0,0.0101],[106581.9,7.488e-05],[106581.6,0.13253244],[106581.5,0.00249031],[106581.2,0.181],[106581.0,0.09886519],[106580.5,0.05051402],[106580.1,0.04781395],[106580.0,0.01050152],[106579.9,0.2389603],[106579.8,1e-05],[106579.7,0.00392],[106579.6,0.04814793],[106579.5,0.00082036],[106579.3,0.06288611],[106579.2,0.1],[106578.4,0.00392]],"asks":[[106552.0,0.01408873],[106552.2,0.00077056],[106552.9,0.00967953],[106553.0,0.0096],[106554.0,0.0096],[106554.8,0.00426727],[106555.4,0.00426727],[106555.6,0.03170883],[106555.9,0.00426727],[106556.1,0.00469269],[106561.1,0.01028008],[106561.8,1e-05],[106561.9,0.00035358],[106562.8,0.020103],[106563.6,1e-05],[106569.0,0.0101],[106569.8,4.695e-05],[106570.0,0.0101],[106570.1,3.399e-05],[106570.7,1.5e-05]]},"raw":{}}
{"exchange":"okx","instance_id":"B","symbol":"BTC-USD","event_ts":1762205093.4,"seq":0,"depth":{"last_seq":0,"bids":[[106584.4,0.01],[106583.9,1e-05],[106582.3,0.088],[106582.0,0.0101],[106581.9,7.488e-05],[106581.6,0.13253244],[106581.5,0.00249031],[106581.2,0.181],[106581.0,0.09886519],[106580.5,0.05051402],[106580.1,0.04781395],[106580.0,0.01050152],[106579.9,0.2389603],[106579.8,1e-05],[106579.7,0.00392],[106579.6,0.04814793],[106579.5,0.00082036],[106579.3,0.06288611],[106579.2,0.1],[106578.4,0.00392]],"asks":[[106552.0,0.01408873],[106552.2,0.00077056],[106552.9,0.00967953],[106553.0,0.0096],[106554.0,0.0096],[106554.8,0.00426727],[106555.4,0.00426727],[106555.6,0.03170883],[106555.9,0.00426727],[106556.1,0.00469269],[106561.1,0.01028008],[106561.8,1e-05],[106561.9,0.00035358],[106562.8,0.020103],[106563.6,1e-05],[106569.0,0.0101],[106569.8,4.695e-05],[106570.0,0.0101],[106570.1,3.399e-05],[106570.7,1.5e-05]]},"raw":{}}
{"exchange":"okx","instance_id":"B","symbol":"BTC-USD","event_ts":1762205093.5,"seq":0,"depth":{"last_seq":0,"bids":[[106584.4,0.01],[106583.9,1e-05],[106582.3,0.088],[106582.0,0.0101],[106581.9,7.488e-05],[106581.6,0.13253244],[106581.5,0.00249031],[106581.2,0.181],[106581.0,0.09886519],[106580.5,0.05051402],[106580.1,0.04781395],[106580.0,0.01050152],[106579.9,0.2389603],[106579.8,1e-05],[106579.7,0.00392],[106579.6,0.04814793],[106579.5,0.00082036],[106579.3,0.06288611],[106579.2,0.1],[106578.4,0.00392]],"asks":[[106552.0,0.01408873],[106552.2,0.00077056],[106552.9,0.00967953],[106553.0,0.0096],[106554.0,0.0096],[106554.8,0.00426727],[106555.4,0.00426727],[106555.6,0.03170883],[106555.9,0.00426727],[106556.1,0.00469269],[106561.1,0.01028008],[106561.8,1e-05],[106561.9,0.00035358],[106562.8,0.020103],[106563.6,1e-05],[106569.0,0.0101],[106569.8,4.695e-05],[106570.0,0.0101],[106570.1,3.399e-05],[106570.7,1.5e-05]]},"raw":{}}
{"exchange":"okx","instance_id":"B","symbol":"BTC-USD","event_ts":1762205093.6,"seq":0,"depth":{"last_seq":0,"bids":[[106584.4,0.01],[106583.9,1e-05],[106582.3,0.088],[106582.0,0.0101],[106581.9,7.488e-05],[106581.6,0.13253244],[106581.5,0.00249031],[106581.2,0.181],[106581.0,0.09886519],[106580.5,0.05051402],[106580.1,0.04781395],[106580.0,0.01050152],[106579.9,0.2389603],[106579.8,1e-05],[106579.7,0.00392],[106579.6,0.04814793],[106579.5,0.00082036],[106579.3,0.06288611],[106579.2,0.1],[106578.4,0.00392]],"asks":[[106552.0,0.01408873],[106552.2,0.00077056],[106552.9,0.00967953],[106553.0,0.0096],[106554.0,0.0096],[106554.8,0.00426727],[106555.4,0.00426727],[106555.6,0.03170883],[106555.9,0.00426727],[106556.1,0.00469269],[106561.1,0.01028008],[106561.8,1e-05],[106561.9,0.00035358],[106562.8,0.020103],[106563.6,1e-05],[106569.0,0.0101],[106569.8,4.695e-05],[106570.0,0.0101],[106570.1,3.399e-05],[106570.7,1.5e-05]]},"raw":{}}
{"exchange":"okx","instance_id":"B","symbol":"BTC-USD","event_ts":1762205093.7,"seq":0,"depth":{"last_seq":0,"bids":[[106584.4,0.01],[106583.9,1e-05],[106582.3,0.088],[106582.0,0.0101],[106581.9,7.488e-05],[106581.6,0.13253244],[106581.5,0.00249031],[106581.2,0.181],[106581.0,0.09886519],[106580.5,0.05051402],[106580.1,0.04781395],[106580.0,0.01050152],[106579.9,0.2389603],[106579.8,1e-05],[106579.7,0.00392],[106579.6,0.04814793],[106579.5,0.00082036],[106579.3,0.06288611],[106579.2,0.1],[106578.4,0.00392]],"asks":[[106552.0,0.01408873],[106552.2,0.00077056],[106552.9,0.00967953],[106553.0,0.0096],[106554.0,0.0096],[106554.8,0.00426727],[106555.4,0.00426727],[106555.6,0.03170883],[106555.9,0.00426727],[106556.1,0.00469269],[106561.1,0.01028008],[106561.8,1e-05],[106561.9,0.00035358],[106562.8,0.020103],[106563.6,1e-05],[106569.0,0.0101],[106569.8,4.695e-05],[106570.0,0.0101],[106570.1,3.399e-05],[106570.7,1.5e-05]]},"raw":{}}
{"exchange":"okx","instance_id":"B","symbol":"BTC-USD","event_ts":1762205093.8,"seq":0,"depth":{"last_seq":0,"bids":[[106584.4,0.01],[106583.9,1e-05],[106582.3,0.088],[106582.0,0.0101],[106581.9,7.488e-05],[106581.6,0.13253244],[106581.5,0.00249031],[106581.2,0.181],[106581.0,0.09886519],[106580.5,0.05051402],[106580.1,0.04781395],[106580.0,0.01050152],[106579.9,0.2389603],[106579.8,1e-05],[106579.7,0.00392],[106579.6,0.04814793],[106579.5,0.00082036],[106579.3,0.06288611],[106579.2,0.1],[106578.4,0.00392]],"asks":[[106552.0,0.01408873],[106552.2,0.00077056],[106552.9,0.00967953],[106553.0,0.0096],[106554.0,0.0096],[106554.8,0.00426727],[106555.4,0.00426727],[106555.6,0.03170883],[106555.9,0.00426727],[106556.1,0.00469269],[106561.1,0.01028008],[106561.8,1e-05],[106561.9,0.00035358],[106562.8,0.020103],[106563.6,1e-05],[106569.0,0.0101],[106569.8,4.695e-05],[106570.0,0.0101],[106570.1,3.399e-05],[106570.7,1.5e-05]]},"raw":{}}
{"exchange":"okx","instance_id":"B","symbol":"BTC-USD","event_ts":1762205093.9,"seq":0,"depth":{"last_seq":0,"bids":[[106584.4,0.01],[106583.9,1e-05],[106582.3,0.088],[106582.0,0.0101],[106581.9,7.488e-05],[106581.6,0.13253244],[106581.5,0.00249031],[106581.2,0.181],[106581.0,0.09886519],[106580.5,0.05051402],[106580.1,0.04781395],[106580.0,0.01050152],[106579.9,0.2389603],[106579.8,1e-05],[106579.7,0.00392],[106579.6,0.04814793],[106579.5,0.00082036],[106579.3,0.06288611],[106579.2,0.1],[106578.4,0.00392]],"asks":[[106552.0,0.01408873],[106552.2,0.00077056],[106552.9,0.00967953],[106553.0,0.0096],[106554.0,0.0096],[106554.8,0.00426727],[106555.4,0.00426727],[106555.6,0.03170883],[106555.9,0.00426727],[106556.1,0.00469269],[106561.1,0.01028008],[106561.8,1e-05],[106561.9,0.00035358],[106562.8,0.020103],[106563.6,1e-05],[106569.0,0.0101],[106569.8,4.695e-05],[106570.0,0.0101],[106570.1,3.399e-05],[106570.7,1.5e-05]]},"raw":{}}
{"exchange":"okx","instance_id":"B","symbol":"BTC-USD","event_ts":1762205094.0,"seq":0,"depth":{"last_seq":0,"bids":[[106584.4,0.01],[106583.9,1e-05],[106582.3,0.088],[106582.0,0.0101],[106581.9,7.488e-05],[106581.6,0.13253244],[106581.5,0.00249031],[106581.2,0.181],[106581.0,0.09886519],[106580.5,0.05051402],[106580.1,0.04781395],[106580.0,0.01050152],[106579.9,0.2389603],[106579.8,1e-05],[106579.7,0.00392],[106579.6,0.04814793],[106579.5,0.00082036],[106579.3,0.06288611],[106579.2,0.1],[106578.4,0.00392]],"asks":[[106552.0,0.01408873],[106552.2,0.00077056],[106552.9,0.00967953],[106553.0,0.0096],[106554.0,0.0096],[106554.8,0.00426727],[106555.4,0.00426727],[106555.6,0.03170883],[106555.9,0.00426727],[106556.1,0.00469269],[106561.1,0.01028008],[106561.8,1e-05],[106561.9,0.00035358],[106562.8,0.020103],[106563.6,1e-05],[106569.0,0.0101],[106569.8,4.695e-05],[106570.0,0.0101],[106570.1,3.399e-05],[106570.7,1.5e-05]]},"raw":{}}
{"exchange":"okx","instance_id":"B","symbol":"BTC-USD","event_ts":1762205094.1,"seq":0,"depth":{"last_seq":0,"bids":[[106584.4,0.01],[106583.9,1e-05],[106582.3,0.088],[106582.0,0.0101],[106581.9,7.488e-05],[106581.6,0.13253244],[106581.5,0.00249031],[106581.2,0.181],[106581.0,0.09886519],[106580.5,0.05051402],[106580.1,0.04781395],[106580.0,0.01050152],[106579.9,0.2389603],[106579.8,1e-05],[106579.7,0.00392],[106579.6,0.04814793],[106579.5,0.00082036],[106579.3,0.06288611],[106579.2,0.1],[106578.4,0.00392]],"asks":[[106552.0,0.01408873],[106552.2,0.00077056],[106552.9,0.00967953],[106553.0,0.0096],[106554.0,0.0096],[106554.8,0.00426727],[106555.4,0.00426727],[106555.6,0.03170883],[106555.9,0.00426727],[106556.1,0.00469269],[106561.1,0.01028008],[106561.8,1e-05],[106561.9,0.00035358],[106562.8,0.020103],[106563.6,1e-05],[106569.0,0.0101],[106569.8,4.695e-05],[106570.0,0.0101],[106570.1,3.399e-05],[106570.7,1.5e-05]]},"raw":{}}
{"exchange":"okx","instance_id":"B","symbol":"BTC-USD","event_ts":1762205094.2,"seq":0,"depth":{"last_seq":0,"bids":[[106584.4,0.01],[106583.9,1e-05],[106582.3,0.088],[106582.0,0.0101],[106581.9,7.488e-05],[106581.6,0.13253244],[106581.5,0.00249031],[106581.2,0.181],[106581.0,0.09886519],[106580.5,0.05051402],[106580.1,0.04781395],[106580.0,0.01050152],[106579.9,0.2389603],[106579.8,1e-05],[106579.7,0.00392],[106579.6,0.04814793],[106579.5,0.00082036],[106579.3,0.06288611],[106579.2,0.1],[106578.4,0.00392]],"asks":[[106552.0,0.01408873],[106552.2,0.00077056],[106552.9,0.00967953],[106553.0,0.0096],[106554.0,0.0096],[106554.8,0.00426727],[106555.4,0.00426727],[106555.6,0.03170883],[106555.9,0.00426727],[106556.1,0.00469269],[106561.1,0.01028008],[106561.8,1e-05],[106561.9,0.00035358],[106562.8,0.020103],[106563.6,1e-05],[106569.0,0.0101],[106569.8,4.695e-05],[106570.0,0.0101],[106570.1,3.399e-05],[106570.7,1.5e-05]]},"raw":{}}
{"exchange":"okx","instance_id":"B","symbol":"BTC-USD","event_ts":1762205094.3,"seq":0,"depth":{"last_seq":0,"bids":[[106584.4,0.01],[106583.9,1e-05],[106582.3,0.088],[106582.0,0.0101],[106581.9,7.488e-05],[106581.6,0.13253244],[106581.5,0.00249031],[106581.2,0.181],[106581.0,0.09886519],[106580.5,0.05051402],[106580.1,0.04781395],[106580.0,0.01050152],[106579.9,0.2389603],[106579.8,1e-05],[106579.7,0.00392],[106579.6,0.04814793],[106579.5,0.00082036],[106579.3,0.06288611],[106579.2,0.1],[106578.4,0.00392]],"asks":[[106552.0,0.01408873],[106552.2,0.00077056],[106552.9,0.00967953],[106553.0,0.0096],[106554.0,0.0096],[106554.8,0.00426727],[106555.4,0.00426727],[106555.6,0.03170883],[106555.9,0.00426727],[106556.1,0.00469269],[106561.1,0.01028008],[106561.8,1e-05],[106561.9,0.00035358],[106562.8,0.020103],[106563.6,1e-05],[106569.0,0.0101],[106569.8,4.695e-05],[106570.0,0.0101],[106570.1,3.399e-05],[106570.7,1.5e-05]]},"raw":{}}
{"exchange":"okx","instance_id":"B","symbol":"BTC-USD","event_ts":1762205094.4,"seq":0,"depth":{"last_seq":0,"bids":[[106584.4,0.01],[106583.9,1e-05],[106582.3,0.088],[106582.0,0.0101],[106581.9,7.488e-05],[106581.6,0.13253244],[106581.5,0.00249031],[106581.2,0.181],[106581.0,0.09886519],[106580.5,0.05051402],[106580.1,0.04781395],[106580.0,0.01050152],[106579.9,0.2389603],[106579.8,1e-05],[106579.7,0.00392],[106579.6,0.04814793],[106579.5,0.00082036],[106579.3,0.06288611],[106579.2,0.1],[106578.4,0.00392]],"asks":[[106552.0,0.01408873],[106552.2,0.00077056],[106552.9,0.00967953],[106553.0,0.0096],[106554.0,0.0096],[106554.8,0.00426727],[106555.4,0.00426727],[106555.6,0.03170883],[106555.9,0.00426727],[106556.1,0.00469269],[106561.1,0.01028008],[106561.8,1e-05],[106561.9,0.00035358],[106562.8,0.020103],[106563.6,1e-05],[106569.0,0.0101],[106569.8,4.695e-05],[106570.0,0.0101],[106570.1,3.399e-05],[106570.7,1.5e-05]]},"raw":{}}
{"exchange":"okx","instance_id":"B","symbol":"BTC-USD","event_ts":1762205094.5,"seq":0,"depth":{"last_seq":0,"bids":[[106584.4,0.01],[106583.9,1e-05],[106582.3,0.088],[106582.0,0.0101],[106581.9,7.488e-05],[106581.6,0.13253244],[106581.5,0.00249031],[106581.2,0.181],[106581.0,0.09886519],[106580.5,0.05051402],[106580.1,0.04781395],[106580.0,0.01050152],[106579.9,0.2389603],[106579.8,1e-05],[106579.7,0.00392],[106579.6,0.04814793],[106579.5,0.00082036],[106579.3,0.06288611],[106579.2,0.1],[106578.4,0.00392]],"asks":[[106552.0,0.01408873],[106552.2,0.00077056],[106552.9,0.00967953],[106553.0,0.0096],[106554.0,0.0096],[106554.8,0.00426727],[106555.4,0.00426727],[106555.6,0.03170883],[106555.9,0.00426727],[106556.1,0.00469269],[106561.1,0.01028008],[106561.8,1e-05],[106561.9,0.00035358],[106562.8,0.020103],[106563.6,1e-05],[106569.0,0.0101],[106569.8,4.695e-05],[106570.0,0.0101],[106570.1,3.399e-05],[106570.7,1.5e-05]]},"raw":{}}
{"exchange":"okx","instance_id":"B","symbol":"BTC-USD","event_ts":1762205094.7,"seq":0,"depth":{"last_seq":0,"bids":[[106584.4,0.01],[106583.9,1e-05],[106582.3,0.088],[106582.0,0.0101],[106581.9,7.488e-05],[106581.6,0.13253244],[106581.5,0.00249031],[106581.2,0.181],[106581.0,0.09886519],[106580.5,0.05051402],[106580.1,0.04781395],[106580.0,0.01050152],[106579.9,0.2389603],[106579.8,1e-05],[106579.7,0.00392],[106579.6,0.04814793],[106579.5,0.00082036],[106579.3,0.06288611],[106579.2,0.1],[106578.4,0.00392]],"asks":[[106552.0,0.01408873],[106552.2,0.00077056],[106552.9,0.00967953],[106553.0,0.0096],[106554.0,0.0096],[106554.8,0.00426727],[106555.4,0.00426727],[106555.6,0.03170883],[106555.9,0.00426727],[106556.1,0.00469269],[106561.1,0.01028008],[106561.8,1e-05],[106561.9,0.00035358],[106562.8,0.020103],[106563.6,1e-05],[106569.0,0.0101],[106569.8,4.695e-05],[106570.0,0.0101],[106570.1,3.399e-05],[106570.7,1.5e-05]]},"raw":{}}
{"exchange":"okx","instance_id":"B","symbol":"BTC-USD","event_ts":1762205094.8,"seq":0,"depth":{"last_seq":0,"bids":[[106584.4,0.01],[106583.9,1e-05],[106582.3,0.088],[106582.0,0.0101],[106581.9,7.488e-05],[106581.6,0.13253244],[106581.5,0.00249031],[106581.2,0.181],[106581.0,0.09886519],[106580.5,0.05051402],[106580.1,0.04781395],[106580.0,0.01050152],[106579.9,0.2389603],[106579.8,1e-05],[106579.7,0.00392],[106579.6,0.04814793],[106579.5,0.00082036],[106579.3,0.06288611],[106579.2,0.1],[106578.4,0.00392]],"asks":[[106552.0,0.01408873],[106552.2,0.00077056],[106552.9,0.00967953],[106553.0,0.0096],[106554.0,0.0096],[106554.8,0.00426727],[106555.4,0.00426727],[106555.6,0.03170883],[106555.9,0.00426727],[106556.1,0.00469269],[106561.1,0.01028008],[106561.8,1e-05],[106561.9,0.00035358],[106562.8,0.020103],[106563.6,1e-05],[106569.0,0.0101],[106569.8,4.695e-05],[106570.0,0.0101],[106570.1,3.399e-05],[106570.7,1.5e-05]]},"raw":{}}
{"exchange":"okx","instance_id":"B","symbol":"BTC-USD","event_ts":1762205094.9,"seq":0,"depth":{"last_seq":0,"bids":[[106584.4,0.01],[106583.9,1e-05],[106582.3,0.088],[106582.0,0.0101],[106581.9,7.488e-05],[106581.6,0.13253244],[106581.5,0.00249031],[106581.2,0.181],[106581.0,0.09886519],[106580.9,0.32842882],[106580.5,0.05051402],[106580.2,0.08437109],[106580.1,0.04781395],[106580.0,0.09192],[106579.9,0.2389603],[106579.8,0.1],[106579.7,0.088],[106579.6,0.04814793],[106579.5,0.00082036],[106579.3,0.06288611]],"asks":[[106552.0,0.01408873],[106552.2,0.00077056],[106552.9,0.00967953],[106553.0,0.0096],[106554.0,0.0096],[106554.8,0.00426727],[106555.4,0.00426727],[106555.6,0.03170883],[106555.9,0.00426727],[106556.1,0.00469269],[106561.1,0.01028008],[106561.8,1e-05],[106561.9,0.00035358],[106562.8,0.020103],[106563.6,1e-05],[106569.0,0.0101],[106569.8,4.695e-05],[106570.0,0.0101],[106570.1,3.399e-05],[106570.7,1.5e-05]]},"raw":{}}
{"exchange":"okx","instance_id":"B","symbol":"BTC-USD","event_ts":1762205095.0,"seq":0,"depth":{"last_seq":0,"bids":[[106584.4,0.01],[106583.9,1e-05],[106582.3,0.088],[106582.0,0.0101],[106581.9,7.488e-05],[106581.6,0.13253244],[106581.5,0.00249031],[106581.2,0.181],[106581.0,0.09886519],[106580.9,0.34118096],[106580.5,0.05051402],[106580.3,0.04708586],[106580.2,0.08437109],[106580.1,0.04781395],[106580.0,0.09192],[106579.9,0.2389603],[106579.8,0.1],[106579.7,0.088],[106579.6,0.04814793],[106579.5,0.00082036]],"asks":[[106552.0,0.01408873],[106552.2,0.00077056],[106552.9,0.00967953],[106553.0,0.0096],[106554.0,0.0096],[106554.8,0.00426727],[106555.4,0.00426727],[106555.6,0.03170883],[106555.9,0.00426727],[106556.1,0.00469269],[106561.1,0.01028008],[106561.8,1e-05],[106561.9,0.00035358],[106562.8,0.020103],[106563.6,1e-05],[106569.0,0.0101],[106569.8,4.695e-05],[106570.0,0.0101],[106570.1,3.399e-05],[106570.7,1.5e-05]]},"raw":{}}
{"exchange":"okx","instance_id":"B","symbol":"BTC-USD","event_ts":1762205095.1,"seq":0,"depth":{"last_seq":0,"bids":[[106584.4,0.01],[106583.9,1e-05],[106582.3,0.088],[106582.0,0.0101],[106581.9,7.488e-05],[106581.6,0.13253244],[106581.5,0.00249031],[106581.2,0.181],[106581.0,0.09886519],[106580.9,0.34118096],[106580.5,0.05051402],[106580.3,0.04708586],[106580.2,0.08437109],[106580.1,0.04781395],[106580.0,0.088],[106579.9,0.2389603],[106579.8,0.1],[106579.7,0.088],[106579.6,0.04814793],[106579.5,0.00082036]],"asks":[[106552.0,0.01408873],[106552.2,0.00077056],[106552.9,0.00967953],[106553.0,0.0096],[106554.0,0.0096],[106554.8,0.00426727],[106555.4,0.00426727],[106555.6,0.03170883],[106555.9,0.00426727],[106556.1,0.00469269],[106561.1,0.01028008],[106561.8,1e-05],[106561.9,0.00035358],[106562.8,0.020103],[106563.6,1e-05],[106569.0,0.0101],[106569.8,4.695e-05],[106570.0,0.0101],[106570.1,3.399e-05],[106570.7,1.5e-05]]},"raw":{}}
{"exchange":"okx","instance_id":"B","symbol":"BTC-USD","event_ts":1762205095.5,"seq":0,"depth":{"last_seq":0,"bids":[[106584.4,0.01],[106583.9,1e-05],[106582.3,0.088],[106582.0,0.0101],[106581.9,7.488e-05],[106581.6,0.13253244],[106581.5,0.00249031],[106581.2,0.181],[106581.0,0.09886519],[106580.9,0.25318096],[106580.5,0.05051402],[106580.3,0.04708586],[106580.2,0.08437109],[106580.1,0.04781395],[106580.0,0.088],[106579.9,0.2389603],[106579.8,0.1],[106579.7,0.088],[106579.6,0.04814793],[106579.5,0.00082036]],"asks":[[106552.0,0.01408873],[106552.2,0.00077056],[106552.9,0.00967953],[106553.0,0.0096],[106554.0,0.0096],[106554.8,0.00426727],[106555.4,0.00426727],[106555.6,0.03170883],[106555.9,0.00426727],[106556.1,0.00469269],[106561.1,0.01028008],[106561.8,1e-05],[106561.9,0.00035358],[106562.8,0.020103],[106563.6,1e-05],[106569.0,0.0101],[106569.8,4.695e-05],[106570.0,0.0101],[106570.1,3.399e-05],[106570.7,1.5e-05]]},"raw":{}}
{"exchange":"okx","instance_id":"B","symbol":"BTC-USD","event_ts":1762205095.6,"seq":0,"depth":{"last_seq":0,"bids":[[106584.4,0.01],[106583.9,1e-05],[106582.3,0.088],[106582.0,0.0101],[106581.9,7.488e-05],[106581.6,0.13253244],[106581.5,0.00249031],[106581.2,0.181],[106581.0,0.09886519],[106580.9,0.25318096],[106580.5,0.05051402],[106580.3,0.04708586],[106580.2,0.08437109],[106580.1,0.04781395],[106580.0,0.088],[106579.9,0.2389603],[106579.8,0.1],[106579.7,0.088],[106579.6,0.04814793],[106579.5,0.00082036]],"asks":[[106552.0,0.01408873],[106552.2,0.00077056],[106552.9,0.00967953],[106553.0,0.0096],[106554.0,0.0096],[106554.8,0.00426727],[106555.4,0.00426727],[106555.6,0.03170883],[106555.9,0.00426727],[106556.1,0.00469269],[106561.1,0.01028008],[106561.8,1e-05],[106561.9,0.00035358],[106562.8,0.020103],[106563.3,0.45074168],[106563.6,1e-05],[106564.0,0.0101],[106567.0,0.1101],[106569.0,0.0101],[106569.7,0.32064204]]},"raw":{}}
{"exchange":"okx","instance_id":"B","symbol":"BTC-USD","event_ts":1762205095.7,"seq":0,"depth":{"last_seq":0,"bids":[[106584.4,0.01],[106583.9,1e-05],[106582.3,0.088],[106582.0,0.0101],[106581.9,7.488e-05],[106581.6,0.13253244],[106581.5,0.00249031],[106581.2,0.181],[106581.0,0.09886519],[106580.9,0.25318096],[106580.5,0.05051402],[106580.3,0.04708586],[106580.2,0.08437109],[106580.1,0.04781395],[106580.0,0.088],[106579.9,0.2389603],[106579.8,0.1],[106579.7,0.088],[106579.6,0.04814793],[106579.5,0.00082036]],"asks":[[106552.0,0.01408873],[106552.2,0.00077056],[106552.9,0.00967953],[106553.0,0.0096],[106554.0,0.0096],[106554.8,0.00426727],[106555.4,0.00426727],[106555.6,0.03170883],[106555.9,0.00426727],[106556.1,0.00469269],[106560.2,0.19941308],[106561.0,0.0101],[106561.1,0.01028008],[106561.8,1e-05],[106561.9,0.0286199],[106562.0,0.0101],[106562.8,0.020103],[106563.3,0.45074168],[106563.6,1e-05],[106564.0,0.0101]]},"raw":{}}
{"exchange":"okx","instance_id":"B","symbol":"BTC-USD","event_ts":1762205095.8,"seq":0,"depth":{"last_seq":0,"bids":[[106584.4,0.01],[106583.9,1e-05],[106582.3,0.088],[106582.0,0.0101],[106581.9,7.488e-05],[106581.6,0.13253244],[106581.5,0.00249031],[106581.2,0.181],[106581.0,0.09886519],[106580.9,0.25318096],[106580.5,0.05051402],[106580.3,0.04708586],[106580.2,0.08437109],[106580.1,0.04781395],[106580.0,0.088],[106579.9,0.2389603],[106579.8,0.1],[106579.7,0.088],[106579.6,0.04814793],[106579.5,0.00082036]],"asks":[[106552.0,0.01408873],[106552.2,0.00077056],[106552.9,0.00967953],[106553.0,0.0096],[106554.0,0.0096],[106554.8,0.00426727],[106555.4,0.00426727],[106555.6,0.03170883],[106555.9,0.00426727],[106556.1,0.00469269],[106560.2,0.12037755],[106561.0,0.0101],[106561.1,0.01028008],[106561.8,1e-05],[106561.9,0.0364711],[106562.0,0.0101],[106562.8,0.020103],[106563.3,0.45074168],[106563.6,1e-05],[106564.0,0.0101]]},"raw":{}}
{"exchange":"okx","instance_id":"B","symbol":"BTC-USD","event_ts":1762205095.9,"seq":0,"depth":{"last_seq":0,"bids":[[106584.4,0.01],[106583.9,1e-05],[106582.3,0.088],[106582.0,0.0101],[106581.9,7.488e-05],[106581.6,0.13253244],[106581.5,0.00249031],[106581.2,0.181],[106581.0,0.09886519],[106580.9,0.25318096],[106580.5,0.05051402],[106580.3,0.04708586],[106580.2,0.08437109],[106580.1,0.04781395],[106580.0,0.088],[106579.9,0.2389603],[106579.8,0.1],[106579.7,0.088],[106579.6,0.04814793],[106579.5,0.00082036]],"asks":[[106552.0,0.01408873],[106552.2,0.00077056],[106552.9,0.00967953],[106553.0,0.0096],[106554.0,0.0096],[106554.8,0.00426727],[106555.4,0.00426727],[106555.6,0.03170883],[106555.9,0.00426727],[106556.1,0.00469269],[106560.2,0.16625702],[106561.0,0.0101],[106561.1,0.01028008],[106561.8,1e-05],[106561.9,0.05401464],[106562.0,0.0101],[106562.8,0.020103],[106563.3,0.45074168],[106563.6,1e-05],[106564.0,0.0101]]},"raw":{}}
{"exchange":"okx","instance_id":"B","symbol":"BTC-USD","event_ts":1762205096.0,"seq":0,"depth":{"last_seq":0,"bids":[[106584.4,0.01],[106583.9,1e-05],[106582.3,0.088],[106582.0,0.0101],[106581.9,7.488e-05],[106581.6,0.13253244],[106581.5,0.00249031],[106581.2,0.181],[106581.0,0.09886519],[106580.9,0.25318096],[106580.5,0.05051402],[106580.3,0.04708586],[106580.2,0.08437109],[106580.1,0.04781395],[106580.0,0.088],[106579.9,0.2389603],[106579.8,0.1],[106579.7,0.088],[106579.6,0.04814793],[106579.5,0.00082036]],"asks":[[106552.0,0.01408873],[106552.2,0.00077056],[106552.9,0.00967953],[106553.0,0.0096],[106554.0,0.0096],[106554.8,0.00426727],[106555.4,0.00426727],[106555.6,0.03170883],[106555.9,0.00426727],[106556.1,0.00469269],[106560.2,0.1636573],[106561.0,0.0101],[106561.1,0.01028008],[106561.8,1e-05],[106561.9,0.09329748],[106562.0,0.0101],[106562.8,0.020103],[106563.3,0.45074168],[106563.6,1e-05],[106564.0,0.0101]]},"raw":{}}
{"exchange":"okx","instance_id":"B","symbol":"BTC-USD","event_ts":1762205096.1,"seq":0,"depth":{"last_seq":0,"bids":[[106584.4,0.01],[106583.9,1e-05],[106582.3,0.088],[106582.0,0.0101],[106581.9,7.488e-05],[106581.6,0.13253244],[106581.5,0.00249031],[106581.2,0.181],[106581.0,0.09886519],[106580.9,0.25318096],[106580.5,0.05051402],[106580.3,0.04708586],[106580.2,0.08437109],[106580.1,0.04781395],[106580.0,0.088],[106579.9,0.2389603],[106579.8,0.1],[106579.7,0.088],[106579.6,0.04814793],[106579.5,0.00082036]],"asks":[[106552.0,0.01408873],[106552.2,0.00077056],[106552.9,0.00967953],[106553.0,0.0096],[106554.0,0.0096],[106554.8,0.00426727],[106555.4,0.00426727],[106555.6,0.03170883],[106555.9,0.00426727],[106556.1,0.00469269],[106560.2,0.16835093],[106561.0,0.0101],[106561.1,0.01028008],[106561.8,1e-05],[106561.9,0.09329748],[106562.0,0.0101],[106562.8,0.020103],[106563.3,0.45074168],[106563.6,1e-05],[106564.0,0.0101]]},"raw":{}}
{"exchange":"okx","instance_id":"B","symbol":"BTC-USD","event_ts":1762205096.2,"seq":0,"depth":{"last_seq":0,"bids":[[106584.4,0.01],[106583.9,1e-05],[106582.3,0.088],[106582.0,0.0101],[106581.9,7.488e-05],[106581.6,0.13253244],[106581.5,0.00249031],[106581.2,0.181],[106581.0,0.09886519],[106580.9,0.25318096],[106580.5,0.05051402],[106580.3,0.04708586],[106580.2,0.08437109],[106580.1,0.04781395],[106580.0,0.088],[106579.9,0.2389603],[106579.8,0.1],[106579.7,0.088],[106579.6,0.04814793],[106579.5,0.00082036]],"asks":[[106552.0,0.01408873],[106552.2,0.00077056],[106552.9,0.00967953],[106553.0,0.0096],[106554.0,0.0096],[106554.8,0.00426727],[106555.4,0.00426727],[106555.6,0.03170883],[106555.9,0.00426727],[106556.1,0.00469269],[106560.2,0.18503539],[106561.0,0.0101],[106561.1,0.01028008],[106561.8,1e-05],[106561.9,0.09329748],[106562.0,0.0101],[106562.8,0.020103],[106563.3,0.45074168],[106563.6,1e-05],[106564.0,0.0101]]},"raw":{}}
{"exchange":"okx","instance_id":"B","symbol":"BTC-USD","event_ts":1762205096.3,"seq":0,"depth":{"last_seq":0,"bids":[[106584.4,0.01],[106583.9,1e-05],[106582.3,0.088],[106582.0,0.0101],[106581.9,7.488e-05],[106581.6,0.13253244],[106581.5,0.00249031],[106581.2,0.181],[106581.0,0.09886519],[106580.9,0.25318096],[106580.5,0.05051402],[106580.3,0.04708586],[106580.2,0.08437109],[106580.1,0.04781395],[106580.0,0.088],[106579.9,0.2389603],[106579.8,0.1],[106579.7,0.088],[106579.6,0.04814793],[106579.5,0.00082036]],"asks":[[106552.0,0.01408873],[106552.2,0.00077056],[106552.9,0.00967953],[106553.0,0.0096],[106554.0,0.0096],[106554.8,0.00426727],[106555.4,0.00426727],[106555.6,0.03170883],[106555.9,0.00426727],[106556.1,0.00469269],[106560.2,0.17705831],[106561.0,0.0101],[106561.1,0.01028008],[106561.5,0.03122899],[106561.8,1e-05],[106561.9,0.09329748],[106562.0,0.0101],[106562.8,0.020103],[106563.3,0.45074168],[106563.6,1e-05]]},"raw":{}}
{"exchange":"okx","instance_id":"B","symbol":"BTC-USD","event_ts":1762205096.4,"seq":0,"depth":{"last_seq":0,"bids":[[106584.4,0.01],[106583.9,1e-05],[106582.3,0.088],[106582.0,0.0101],[106581.9,7.488e-05],[106581.6,0.13253244],[106581.5,0.00249031],[106581.2,0.181],[106581.0,0.09886519],[106580.9,0.25318096],[106580.5,0.05051402],[106580.3,0.04708586],[106580.2,0.08437109],[106580.1,0.04781395],[106580.0,0.088],[106579.9,0.2389603],[106579.8,0.1],[106579.7,0.088],[106579.6,0.04814793],[106579.5,0.00082036]],"asks":[[106552.0,0.01408873],[106552.2,0.00077056],[106552.9,0.00967953],[106553.0,0.0096],[106554.0,0.0096],[106554.8,0.00426727],[106555.4,0.00426727],[106555.6,0.03170883],[106555.9,0.00426727],[106556.1,0.00469269],[106560.2,0.18503589],[106561.0,0.0101],[106561.1,0.01028008],[106561.5,0.03122899],[106561.8,1e-05],[106561.9,0.09329748],[106562.0,0.0101],[106562.8,0.020103],[106563.3,0.45074168],[106563.6,1e-05]]},"raw":{}}
{"exchange":"okx","instance_id":"B","symbol":"BTC-USD","event_ts":1762205096.5,"seq":0,"depth":{"last_seq":0,"bids":[[106584.4,0.01],[106583.9,1e-05],[106582.3,0.088],[106582.0,0.0101],[106581.9,7.488e-05],[106581.6,0.13253244],[106581.5,0.00249031],[106581.2,0.181],[106581.0,0.09886519],[106580.9,0.25318096],[106580.5,0.05051402],[106580.3,0.04708586],[106580.2,0.08437109],[106580.1,0.04781395],[106580.0,0.088],[106579.9,0.2389603],[106579.8,0.1],[106579.7,0.088],[106579.6,0.04814793],[106579.5,0.00082036]],"asks":[[106552.0,0.01408873],[106552.2,0.00077056],[106552.9,0.00967953],[106553.0,0.0096],[106554.0,0.0096],[106554.8,0.00426727],[106555.4,0.00426727],[106555.6,0.03170883],[106555.9,0.00426727],[106556.1,0.00469269],[106560.2,0.18503589],[106561.0,0.0101],[106561.1,0.01028008],[106561.5,0.03122899],[106561.8,1e-05],[106561.9,0.09329748],[106562.0,0.0101],[106562.8,0.020103],[106563.3,0.45074168],[106563.6,1e-05]]},"raw":{}}
{"exchange":"okx","instance_id":"B","symbol":"BTC-USD","event_ts":1762205096.6,"seq":0,"depth":{"last_seq":0,"bids":[[106584.4,0.01],[106583.9,1e-05],[106582.3,0.088],[106582.0,0.0101],[106581.9,7.488e-05],[106581.6,0.13253244],[106581.5,0.00249031],[106581.2,0.181],[106581.0,0.09886519],[106580.9,0.25318096],[106580.5,0.05051402],[106580.3,0.04708586],[106580.2,0.08437109],[106580.1,0.04781395],[106580.0,0.088],[106579.9,0.2389603],[106579.8,0.1],[106579.7,0.088],[106579.6,0.04814793],[106579.5,0.00082036]],"asks":[[106552.0,0.01408873],[106552.2,0.00077056],[106552.9,0.00967953],[106553.0,0.0096],[106554.0,0.0096],[106554.8,0.00426727],[106555.4,0.00426727],[106555.6,0.03170883],[106555.9,0.00426727],[106556.1,0.00469269],[106560.2,0.16037385],[106561.0,0.0101],[106561.1,0.01028008],[106561.5,0.03122899],[106561.8,1e-05],[106561.9,0.09329748],[106562.0,0.0101],[106562.8,0.020103],[106563.3,0.45074168],[106563.6,1e-05]]},"raw":{}}
{"exchange":"okx","instance_id":"B","symbol":"BTC-USD","event_ts":1762205096.7,"seq":0,"depth":{"last_seq":0,"bids":[[106584.4,0.01],[106583.9,1e-05],[106582.3,0.088],[106582.0,0.0101],[106581.9,7.488e-05],[106581.6,0.13253244],[106581.5,0.00249031],[106581.2,0.181],[106581.0,0.09886519],[106580.9,0.25318096],[106580.5,0.05051402],[106580.3,0.04708586],[106580.2,0.08437109],[106580.1,0.04781395],[106580.0,0.088],[106579.9,0.2389603],[106579.8,0.1],[106579.7,0.088],[106579.6,0.04814793],[106579.5,0.00082036]],"asks":[[106552.0,0.01408873],[106552.2,0.00077056],[106552.9,0.00967953],[106553.0,0.0096],[106554.0,0.0096],[106554.8,0.00426727],[106555.4,0.00426727],[106555.6,0.03170883],[106555.9,0.00426727],[106556.1,0.00469269],[106560.2,0.16027385],[106561.0,0.0101],[106561.1,0.01028008],[106561.5,0.03122899],[106561.8,1e-05],[106561.9,0.09329748],[106562.0,0.0101],[106562.8,0.020103],[106563.3,0.45074168],[106563.6,1e-05]]},"raw":{}}
{"exchange":"okx","instance_id":"B","symbol":"BTC-USD","event_ts":1762205096.9,"seq":0,"depth":{"last_seq":0,"bids":[[106584.4,0.01],[106583.9,1e-05],[106582.3,0.088],[106582.0,0.0101],[106581.9,7.488e-05],[106581.6,0.13253244],[106581.5,0.00249031],[106581.2,0.181],[106581.0,0.09886519],[106580.9,0.25318096],[106580.5,0.05051402],[106580.3,0.04708586],[106580.2,0.08437109],[106580.1,0.04781395],[106580.0,0.088],[106579.9,0.2389603],[106579.8,0.1],[106579.7,0.088],[106579.6,0.04814793],[106579.5,0.00082036]],"asks":[[106552.0,0.01408873],[106552.2,0.00077056],[106552.9,0.00967953],[106553.0,0.0096],[106554.0,0.0096],[106554.8,0.00426727],[106555.4,0.00426727],[106555.6,0.03170883],[106555.9,0.00426727],[106556.1,0.00469269],[106560.2,0.16027385],[106561.0,0.0101],[106561.1,0.01028008],[106561.5,0.03122899],[106561.8,1e-05],[106561.9,0.09329748],[106562.0,0.0101],[106562.8,0.020103],[106563.3,0.45074168],[106563.6,1e-05]]},"raw":{}}
{"exchange":"okx","instance_id":"B","symbol":"BTC-USD","event_ts":1762205097.0,"seq":0,"depth":{"last_seq":0,"bids":[[106584.4,0.01],[106583.9,1e-05],[106582.3,0.088],[106582.0,0.0101],[106581.9,7.488e-05],[106581.6,0.13253244],[106581.5,0.00249031],[106581.2,0.181],[106581.0,0.09886519],[106580.9,0.25318096],[106580.5,0.05051402],[106580.3,0.04708586],[106580.2,0.08437109],[106580.1,0.04781395],[106580.0,0.088],[106579.9,0.2389603],[106579.8,0.1],[106579.7,0.088],[106579.6,0.04814793],[106579.5,0.00082036]],"asks":[[106552.0,0.01408873],[106552.2,0.00077056],[106552.9,0.00967953],[106553.0,0.0096],[106554.0,0.0096],[106554.8,0.00426727],[106555.4,0.00426727],[106555.6,0.03170883],[106555.9,0.00426727],[106556.1,0.00469269],[106560.2,0.16027385],[106561.0,0.0101],[106561.1,0.01028008],[106561.5,0.03122899],[106561.8,1e-05],[106561.9,0.09329748],[106562.0,0.0101],[106562.8,0.020103],[106563.3,0.45074168],[106563.6,1e-05]]},"raw":{}}
{"exchange":"okx","instance_id":"B","symbol":"BTC-USD","event_ts":1762205097.2,"seq":0,"depth":{"last_seq":0,"bids":[[106584.4,0.01],[106583.9,1e-05],[106582.3,0.088],[106582.0,0.0101],[106581.9,7.488e-05],[106581.6,0.13253244],[106581.5,0.00249031],[106581.2,0.181],[106581.0,0.09886519],[106580.9,0.25318096],[106580.5,0.05051402],[106580.3,0.04708586],[106580.2,0.08437109],[106580.1,0.04781395],[106580.0,0.088],[106579.9,0.2389603],[106579.8,0.1],[106579.7,0.088],[106579.6,0.04814793],[106579.5,0.00082036]],"asks":[[106552.0,0.01408873],[106552.2,0.00077056],[106552.9,0.00967953],[106553.0,0.0096],[106554.0,0.0096],[106554.8,0.00426727],[106555.4,0.00426727],[106555.6,0.03170883],[106555.9,0.00426727],[106556.1,0.00469269],[106560.2,0.16824224],[106561.0,0.0101],[106561.1,0.01028008],[106561.5,0.03122899],[106561.8,1e-05],[106561.9,0.09329748],[106562.0,0.0101],[106562.8,0.020103],[106563.3,0.45074168],[106563.6,1e-05]]},"raw":{}}
{"exchange":"okx","instance_id":"B","symbol":"BTC-USD","event_ts":1762205097.3,"seq":0,"depth":{"last_seq":0,"bids":[[106584.4,0.01],[106583.9,1e-05],[106582.3,0.088],[106582.0,0.0101],[106581.9,7.488e-05],[106581.6,0.13253244],[106581.5,0.00249031],[106581.2,0.181],[106581.0,0.09886519],[106580.9,0.25318096],[106580.5,0.05051402],[106580.3,0.04708586],[106580.2,0.08437109],[106580.1,0.04781395],[106580.0,0.088],[106579.9,0.2389603],[106579.8,0.1],[106579.7,0.088],[106579.6,0.04814793],[106579.5,0.00082036]],"asks":[[106552.0,0.01408873],[106552.2,0.00077056],[106552.9,0.00967953],[106553.0,0.0096],[106554.0,0.0096],[106554.8,0.00426727],[106555.4,0.00426727],[106555.6,0.03170883],[106555.9,0.00426727],[106556.1,0.00469269],[106560.2,0.16027385],[106561.0,0.0101],[106561.1,0.01028008],[106561.5,0.03122899],[106561.8,1e-05],[106561.9,0.09329748],[106562.0,0.0101],[106562.8,0.020103],[106563.3,0.45074168],[106563.6,1e-05]]},"raw":{}}
{"exchange":"okx","instance_id":"B","symbol":"BTC-USD","event_ts":1762205097.4,"seq":0,"depth":{"last_seq":0,"bids":[[106584.4,0.01],[106583.9,1e-05],[106582.3,0.088],[106582.0,0.0101],[106581.9,7.488e-05],[106581.6,0.13253244],[106581.5,0.00249031],[106581.2,0.181],[106581.0,0.09886519],[106580.9,0.25318096],[106580.5,0.05051402],[106580.3,0.04708586],[106580.2,0.08437109],[106580.1,0.04781395],[106580.0,0.088],[106579.9,0.2389603],[106579.8,0.1],[106579.7,0.088],[106579.6,0.04814793],[106579.5,0.00082036]],"asks":[[106552.0,0.01408873],[106552.2,0.00077056],[106552.9,0.00967953],[106553.0,0.0096],[106554.0,0.0096],[106554.8,0.00426727],[106555.4,0.00426727],[106555.6,0.03170883],[106555.9,0.00426727],[106556.1,0.00469269],[106560.2,0.1682473],[106561.0,0.0101],[106561.1,0.01028008],[106561.5,0.03122899],[106561.8,1e-05],[106561.9,0.09329748],[106562.0,0.0101],[106562.8,0.020103],[106563.3,0.45074168],[106563.6,1e-05]]},"raw":{}}
{"exchange":"okx","instance_id":"B","symbol":"BTC-USD","event_ts":1762205097.5,"seq":0,"depth":{"last_seq":0,"bids":[[106584.4,0.01],[106583.9,1e-05],[106582.3,0.088],[106582.0,0.0101],[106581.9,7.488e-05],[106581.6,0.13253244],[106581.5,0.00249031],[106581.2,0.181],[106581.0,0.09886519],[106580.9,0.25318096],[106580.5,0.05051402],[106580.3,0.04708586],[106580.2,0.08437109],[106580.1,0.04781395],[106580.0,0.088],[106579.9,0.2389603],[106579.8,0.1],[106579.7,0.088],[106579.6,0.04814793],[106579.5,0.00082036]],"asks":[[106552.0,0.01408873],[106552.2,0.00077056],[106552.9,0.00967953],[106553.0,0.0096],[106554.0,0.0096],[106554.8,0.00426727],[106555.4,0.00426727],[106555.6,0.03170883],[106555.9,0.00426727],[106556.1,0.00469269],[106560.2,0.16027385],[106561.0,0.0101],[106561.1,0.01028008],[106561.5,0.03122899],[106561.8,1e-05],[106561.9,0.09329748],[106562.0,0.0101],[106562.8,0.020103],[106563.3,0.45074168],[106563.6,1e-05]]},"raw":{}}
{"exchange":"okx","instance_id":"B","symbol":"BTC-USD","event_ts":1762205097.6,"seq":0,"depth":{"last_seq":0,"bids":[[106584.4,0.01],[106583.9,1e-05],[106582.3,0.088],[106582.0,0.0101],[106581.9,7.488e-05],[106581.6,0.13253244],[106581.5,0.00249031],[106581.2,0.181],[106581.0,0.09886519],[106580.9,0.25318096],[106580.5,0.05051402],[106580.3,0.04708586],[106580.2,0.08437109],[106580.1,0.04781395],[106580.0,0.088],[106579.9,0.2389603],[106579.8,0.1],[106579.7,0.088],[106579.6,0.04814793],[106579.5,0.00082036]],"asks":[[106552.0,0.01408873],[106552.2,0.00077056],[106552.9,0.00967953],[106553.0,0.0096],[106554.0,0.0096],[106554.8,0.00426727],[106555.4,0.00426727],[106555.6,0.03170883],[106555.9,0.00426727],[106556.1,0.00469269],[106560.2,0.16027385],[106561.0,0.0101],[106561.1,0.01028008],[106561.5,0.03122899],[106561.8,1e-05],[106561.9,0.09329748],[106562.0,0.0101],[106562.8,0.020103],[106563.3,0.45074168],[106563.6,1e-05]]},"raw":{}}
{"exchange":"okx","instance_id":"B","symbol":"BTC-USD","event_ts":1762205097.7,"seq":0,"depth":{"last_seq":0,"bids":[[106584.4,0.01],[106583.9,1e-05],[106582.3,0.088],[106582.0,0.0101],[106581.9,7.488e-05],[106581.6,0.13253244],[106581.5,0.00249031],[106581.2,0.181],[106581.0,0.09886519],[106580.9,0.25318096],[106580.5,0.05051402],[106580.3,0.04708586],[106580.2,0.08437109],[106580.1,0.04781395],[106580.0,0.088],[106579.9,0.2389603],[106579.8,0.1],[106579.7,0.088],[106579.6,0.04814793],[106579.5,0.00082036]],"asks":[[106552.0,0.01408873],[106552.2,0.00077056],[106552.9,0.00967953],[106553.0,0.0096],[106554.0,0.0096],[106554.8,0.00426727],[106555.4,0.00426727],[106555.6,0.03170883],[106555.9,0.00426727],[106556.1,0.00469269],[106560.2,0.16825287],[106561.0,0.0101],[106561.1,0.01028008],[106561.5,0.03122899],[106561.8,1e-05],[106561.9,0.09329748],[106562.0,0.0101],[106562.8,0.020103],[106563.3,0.45074168],[106563.6,1e-05]]},"raw":{}}
{"exchange":"okx","instance_id":"B","symbol":"BTC-USD","event_ts":1762205097.8,"seq":0,"depth":{"last_seq":0,"bids":[[106584.4,0.01],[106583.9,1e-05],[106582.3,0.088],[106582.0,0.0101],[106581.9,7.488e-05],[106581.6,0.13253244],[106581.5,0.00249031],[106581.2,0.181],[106581.0,0.09886519],[106580.9,0.25318096],[106580.5,0.05051402],[106580.3,0.04708586],[106580.2,0.08437109],[106580.1,0.04781395],[106580.0,0.088],[106579.9,0.2389603],[106579.8,0.1],[106579.7,0.088],[106579.6,0.04814793],[106579.5,0.00082036]],"asks":[[106552.0,0.01408873],[106552.2,0.00077056],[106552.9,0.00967953],[106553.0,0.0096],[106554.0,0.0096],[106554.8,0.00426727],[106555.4,0.00426727],[106555.6,0.03170883],[106555.9,0.00426727],[106556.1,0.00469269],[106560.2,0.16026072],[106561.0,0.0101],[106561.1,0.01028008],[106561.5,0.03122899],[106561.8,1e-05],[106561.9,0.13927104],[106562.0,0.0101],[106562.8,0.020103],[106563.3,0.45074168],[106563.6,1e-05]]},"raw":{}}
{"exchange":"okx","instance_id":"B","symbol":"BTC-USD","event_ts":1762205097.9,"seq":0,"depth":{"last_seq":0,"bids":[[106584.4,0.01],[106583.9,1e-05],[106582.3,0.088],[106582.0,0.0101],[106581.9,7.488e-05],[106581.6,0.13253244],[106581.5,0.00249031],[106581.2,0.181],[106581.0,0.09886519],[106580.9,0.25318096],[106580.5,0.05051402],[106580.3,0.04708586],[106580.2,0.08437109],[106580.1,0.04781395],[106580.0,0.088],[106579.9,0.2389603],[106579.8,0.1],[106579.7,0.088],[106579.6,0.04814793],[106579.5,0.00082036]],"asks":[[106552.0,0.01408873],[106552.2,0.00077056],[106552.9,0.00967953],[106553.0,0.0096],[106554.0,0.0096],[106554.8,0.00426727],[106555.4,0.00426727],[106555.6,0.03170883],[106555.9,0.00426727],[106556.1,0.00469269],[106560.2,0.16824379],[106561.0,0.0101],[106561.1,0.01028008],[106561.5,0.03122899],[106561.8,1e-05],[106561.9,0.13927104],[106562.0,0.0101],[106562.8,0.020103],[106563.3,0.45074168],[106563.6,1e-05]]},"raw":{}}
{"exchange":"okx","instance_id":"B","symbol":"BTC-USD","event_ts":1762205098.0,"seq":0,"depth":{"last_seq":0,"bids":[[106584.4,0.01],[106583.9,1e-05],[106582.3,0.088],[106582.0,0.0101],[106581.9,7.488e-05],[106581.6,0.13253244],[106581.5,0.00249031],[106581.2,0.181],[106581.0,0.09886519],[106580.9,0.25318096],[106580.5,0.05051402],[106580.3,0.04708586],[106580.2,0.08437109],[106580.1,0.04781395],[106580.0,0.088],[106579.9,0.2389603],[106579.8,0.1],[106579.7,0.088],[106579.6,0.04814793],[106579.5,0.00082036]],"asks":[[106552.0,0.01408873],[106552.2,0.00077056],[106552.9,0.00967953],[106553.0,0.0096],[106554.0,0.0096],[106554.8,0.00426727],[106555.4,0.00426727],[106555.6,0.03170883],[106555.9,0.00426727],[106556.1,0.00469269],[106560.2,0.16026072],[106561.0,0.0101],[106561.1,0.01028008],[106561.5,0.03122899],[106561.8,1e-05],[106561.9,0.13927104],[106562.0,0.0101],[106562.8,0.020103],[106563.3,0.45074168],[106563.6,1e-05]]},"raw":{}}
{"exchange":"okx","instance_id":"B","symbol":"BTC-USD","event_ts":1762205098.1,"seq":0,"depth":{"last_seq":0,"bids":[[106584.4,0.01],[106583.9,1e-05],[106582.3,0.088],[106582.0,0.0101],[106581.9,7.488e-05],[106581.6,0.13253244],[106581.5,0.00249031],[106581.2,0.181],[106581.0,0.09886519],[106580.9,0.25318096],[106580.5,0.05051402],[106580.3,0.04708586],[106580.2,0.08437109],[106580.1,0.04781395],[106580.0,0.088],[106579.9,0.2389603],[106579.8,0.1],[106579.7,0.088],[106579.6,0.04814793],[106579.5,0.00082036]],"asks":[[106552.0,0.01408873],[106552.2,0.00077056],[106552.9,0.00967953],[106553.0,0.0096],[106554.0,0.0096],[106554.8,0.00426727],[106555.4,0.00426727],[106555.6,0.03170883],[106555.9,0.00426727],[106556.1,0.00469269],[106560.2,0.16824998],[106561.0,0.0101],[106561.1,0.01028008],[106561.5,0.03122899],[106561.8,1e-05],[106561.9,0.13927104],[106562.0,0.0101],[106562.8,0.020103],[106563.3,0.45074168],[106563.6,1e-05]]},"raw":{}}
{"exchange":"okx","instance_id":"B","symbol":"BTC-USD","event_ts":1762205098.3,"seq":0,"depth":{"last_seq":0,"bids":[[106584.4,0.01],[106583.9,1e-05],[106582.3,0.088],[106582.0,0.0101],[106581.9,7.488e-05],[106581.6,0.13253244],[106581.5,0.00249031],[106581.2,0.181],[106581.0,0.09886519],[106580.9,0.25318096],[106580.5,0.05051402],[106580.3,0.04708586],[106580.2,0.08437109],[106580.1,0.04781395],[106580.0,0.088],[106579.9,0.2389603],[106579.8,0.1],[106579.7,0.088],[106579.6,0.04814793],[106579.5,0.00082036]],"asks":[[106552.0,0.01408873],[106552.2,0.00077056],[106552.9,0.00967953],[106553.0,0.0096],[106554.0,0.0096],[106554.8,0.00426727],[106555.4,0.00426727],[106555.6,0.03170883],[106555.9,0.00426727],[106556.1,0.00469269],[106560.2,0.16824998],[106561.0,0.0101],[106561.1,0.01028008],[106561.5,0.03122899],[106561.8,1e-05],[106561.9,0.13927104],[106562.0,0.0101],[106562.8,0.020103],[106563.3,0.45074168],[106563.6,1e-05]]},"raw":{}}
{"exchange":"okx","instance_id":"B","symbol":"BTC-USD","event_ts":1762205098.4,"seq":0,"depth":{"last_seq":0,"bids":[[106584.4,0.01],[106583.9,1e-05],[106582.3,0.088],[106582.0,0.0101],[106581.9,7.488e-05],[106581.6,0.13253244],[106581.5,0.00249031],[106581.2,0.181],[106581.0,0.09886519],[106580.9,0.25318096],[106580.5,0.05051402],[106580.3,0.04708586],[106580.2,0.08437109],[106580.1,0.04781395],[106580.0,0.088],[106579.9,0.2389603],[106579.8,0.1],[106579.7,0.088],[106579.6,0.04814793],[106579.5,0.00082036]],"asks":[[106552.0,0.01408873],[106552.2,0.00077056],[106552.9,0.00967953],[106553.0,0.0096],[106554.0,0.0096],[106554.8,0.00426727],[106555.4,0.00426727],[106555.6,0.03170883],[106555.9,0.00426727],[106556.1,0.00469269],[106560.2,0.16824998],[106561.0,0.0101],[106561.1,0.01028008],[106561.5,0.03122899],[106561.8,1e-05],[106561.9,0.13927104],[106562.0,0.0101],[106562.8,0.020103],[106563.3,0.45074168],[106563.6,1e-05]]},"raw":{}}
{"exchange":"okx","instance_id":"B","symbol":"BTC-USD","event_ts":1762205098.5,"seq":0,"depth":{"last_seq":0,"bids":[[106584.4,0.01],[106583.9,1e-05],[106582.3,0.088],[106582.0,0.0101],[106581.9,7.488e-05],[106581.6,0.13253244],[106581.5,0.00249031],[106581.2,0.181],[106581.0,0.09886519],[106580.9,0.25318096],[106580.5,0.05051402],[106580.3,0.04708586],[106580.2,0.08437109],[106580.1,0.04781395],[106580.0,0.088],[106579.9,0.2389603],[106579.8,0.1],[106579.7,0.088],[106579.6,0.04814793],[106579.5,0.00082036]],"asks":[[106552.0,0.01408873],[106552.2,0.00077056],[106552.9,0.00967953],[106553.0,0.0096],[106554.0,0.0096],[106554.8,0.00426727],[106555.4,0.00426727],[106555.6,0.03170883],[106555.9,0.00426727],[106556.1,0.00469269],[106560.2,0.20532475],[106560.5,0.03158657],[106561.0,0.0101],[106561.1,0.01028008],[106561.5,0.03122899],[106561.8,1e-05],[106561.9,0.13927104],[106562.0,0.0101],[106562.8,0.020103],[106563.3,0.45074168]]},"raw":{}}
{"exchange":"okx","instance_id":"B","symbol":"BTC-USD","event_ts":1762205098.6,"seq":0,"depth":{"last_seq":0,"bids":[[106584.4,0.01],[106583.9,1e-05],[106582.3,0.088],[106582.0,0.0101],[106581.9,7.488e-05],[106581.6,0.13253244],[106581.5,0.00249031],[106581.2,0.181],[106581.0,0.09886519],[106580.9,0.25318096],[106580.5,0.05051402],[106580.3,0.04708586],[106580.2,0.08437109],[106580.1,0.04781395],[106580.0,0.088],[106579.9,0.2389603],[106579.8,0.1],[106579.7,0.088],[106579.6,0.04814793],[106579.5,0.00082036]],"asks":[[106552.0,0.01408873],[106552.2,0.00077056],[106552.9,0.00967953],[106553.0,0.0096],[106554.0,0.0096],[106554.8,0.00426727],[106555.4,0.00426727],[106555.6,0.03170883],[106555.9,0.00426727],[106556.1,0.00469269],[106560.2,0.19727919],[106560.5,0.03158657],[106561.0,0.0101],[106561.1,0.01028008],[106561.5,0.03122899],[106561.8,1e-05],[106561.9,0.13927104],[106562.0,0.0101],[106562.8,0.020103],[106563.3,0.45074168]]},"raw":{}}
