{"exchange":"binance","instance_id":"B","symbol":"ETH-USD","event_ts":1762205084.415,"seq":63537796263,"depth":{"last_seq":63537796263,"bids":[[3588.12,19.1632],[3588.11,0.0059],[3587.89,1.1124],[3587.78,0.5523],[3587.77,0.1129],[3587.54,6.9698],[3587.38,0.1004],[3586.18,3.1942],[3585.78,6.7769],[3585.52,0.2],[3229.31,0.0983]],"asks":[[3588.13,15.8822],[3588.2,0.0463],[3588.24,0.0035],[3588.25,0.0015],[3588.29,0.3184],[3588.33,0.0014],[3588.34,0.0014],[3588.35,0.003],[3588.36,2.4351],[3588.37,0.0046],[3588.48,0.0423],[3588.49,0.0307],[3588.5,0.0241],[3589.31,1.8086],[3589.35,0.05],[3589.43,0.2816],[3589.63,3.2]]},"raw":{}}
{"exchange":"binance","instance_id":"B","symbol":"ETH-USD","event_ts":1762205084.515,"seq":63537796319,"depth":{"last_seq":63537796319,"bids":[[3588.12,22.0867],[3588.11,0.0044],[3587.95,0.0866],[3587.94,0.0111],[3587.9,0.003],[3587.82,1.8156],[3587.78,0.5523],[3587.77,0.1129],[3587.74,1.08],[3587.73,2.376],[3587.47,0.1],[3587.4,30.8046],[3587.38,0.1004],[3586.18,3.1942],[3585.78,6.7769],[3585.52,0.2],[3570.18,0.009],[3229.31,0.0983]],"asks":[[3588.13,9.0104],[3588.14,0.0059],[3588.2,0.0463],[3588.24,0.0035],[3588.25,0.0015],[3588.29,0.3184],[3588.33,0.0014],[3588.34,0.0014],[3588.35,0.003],[3588.36,2.4351],[3588.37,0.0046],[3588.48,0.0393],[3588.49,0.0292],[3588.5,0.0241],[3588.51,0.1437],[3588.64,0.0015],[3588.75,0.0622],[3589.31,1.8086],[3589.35,0.05],[3589.43,0.2816]]},"raw":{}}
{"exchange":"binance","instance_id":"B","symbol":"ETH-USD","event_ts":1762205084.615,"seq":63537796359,"depth":{"last_seq":63537796359,"bids":[[3588.12,22.5147],[3588.11,0.0044],[3587.95,0.0866],[3587.94,0.0111],[3587.9,1.1124],[3587.89,0.9673],[3587.82,1.8156],[3587.78,0.5523],[3587.77,0.1129],[3587.74,1.08],[3587.73,2.376],[3587.71,8.3161],[3587.5,1.85],[3587.47,0.1],[3587.4,30.8046],[3587.38,0.1004],[3586.95,25.3718],[3586.18,3.1942],[3585.78,6.7769],[3585.52,0.2]],"asks":[[3588.13,9.0104],[3588.14,6.9745],[3588.15,0.0058],[3588.18,0.0015],[3588.2,0.0463],[3588.24,0.0035],[3588.25,0.0015],[3588.29,0.3184],[3588.33,0.0014],[3588.34,0.0014],[3588.35,0.003],[3588.36,0.002],[3588.37,0.0016],[3588.48,0.0393],[3588.49,0.0292],[3588.5,0.0241],[3588.51,0.1437],[3588.61,0.0477],[3588.64,0.003],[3588.65,2.2959]]},"raw":{}}
{"exchange":"binance","instance_id":"B","symbol":"ETH-USD","event_ts":1762205084.715,"seq":63537796428,"depth":{"last_seq":63537796428,"bids":[[3588.12,18.8219],[3588.11,0.0044],[3587.95,0.0866],[3587.94,0.0111],[3587.91,0.003],[3587.9,0.0045],[3587.89,0.003],[3587.85,0.05],[3587.83,0.003],[3587.82,1.8156],[3587.81,0.0015],[3587.78,0.5523],[3587.77,0.1129],[3587.74,3.4818],[3587.73,2.376],[3587.71,1.3466],[3587.47,0.1],[3587.4,30.8046],[3587.38,0.1004],[3586.95,25.3718]],"asks":[[3588.13,12.6539],[3588.14,6.9775],[3588.15,0.0058],[3588.18,0.0015],[3588.2,0.0463],[3588.24,0.0035],[3588.25,0.0015],[3588.29,0.314],[3588.33,0.0014],[3588.34,0.0014],[3588.36,0.002],[3588.37,0.0016],[3588.48,0.0393],[3588.49,0.0292],[3588.5,0.0241],[3588.51,1.108],[3588.55,0.5435],[3588.61,0.0477],[3588.65,2.2944],[3588.66,16.7084]]},"raw":{}}
{"exchange":"binance","instance_id":"B","symbol":"ETH-USD","event_ts":1762205084.815,"seq":63537796459,"depth":{"last_seq":63537796459,"bids":[[3588.12,18.8234],[3588.11,0.0044],[3587.95,0.0866],[3587.94,0.0111],[3587.89,0.003],[3587.85,0.0515],[3587.83,0.003],[3587.82,1.8156],[3587.81,0.003],[3587.78,0.5523],[3587.77,0.1159],[3587.75,0.0015],[3587.74,1.4014],[3587.73,2.376],[3587.47,0.1],[3587.4,30.8046],[3587.38,0.1004],[3586.95,25.3718],[3586.59,0.32],[3586.18,3.1942]],"asks":[[3588.13,12.6524],[3588.14,6.9775],[3588.15,0.0058],[3588.18,0.0015],[3588.2,0.0463],[3588.24,0.0035],[3588.25,0.0015],[3588.29,0.317],[3588.33,0.0014],[3588.34,0.0014],[3588.36,0.002],[3588.37,0.0016],[3588.45,0.138],[3588.48,0.0393],[3588.49,2.9542],[3588.5,1.2741],[3588.51,1.108],[3588.55,0.5435],[3588.61,0.0477],[3588.64,0.9673]]},"raw":{}}
{"exchange":"binance","instance_id":"B","symbol":"ETH-USD","event_ts":1762205084.915,"seq":63537796486,"depth":{"last_seq":63537796486,"bids":[[3588.12,18.8234],[3588.11,0.0044],[3587.95,0.0866],[3587.94,0.0111],[3587.89,0.003],[3587.85,0.0515],[3587.83,0.003],[3587.82,1.8156],[3587.81,0.003],[3587.78,0.5523],[3587.77,0.1159],[3587.75,0.0015],[3587.74,1.0953],[3587.73,2.376],[3587.71,0.6967],[3587.47,0.1],[3587.4,30.8046],[3587.38,0.1004],[3586.95,25.3718],[3586.59,0.32]],"asks":[[3588.13,12.6524],[3588.14,6.9775],[3588.15,0.0058],[3588.18,0.0015],[3588.2,0.0463],[3588.24,0.0035],[3588.25,0.0015],[3588.29,0.317],[3588.33,0.0014],[3588.34,0.0014],[3588.36,0.002],[3588.37,0.0016],[3588.45,0.138],[3588.48,1.0066],[3588.49,2.9542],[3588.5,0.0241],[3588.51,0.1407],[3588.55,0.5435],[3588.61,0.0477],[3588.65,2.2944]]},"raw":{}}
{"exchange":"binance","instance_id":"B","symbol":"ETH-USD","event_ts":1762205085.015,"seq":63537796501,"depth":{"last_seq":63537796501,"bids":[[3588.12,18.3954],[3588.11,0.0044],[3587.95,0.0866],[3587.94,0.0111],[3587.89,0.003],[3587.85,0.0515],[3587.83,0.003],[3587.82,1.8156],[3587.81,0.003],[3587.78,0.5523],[3587.77,0.1159],[3587.75,0.0015],[3587.74,1.0953],[3587.73,2.376],[3587.71,0.6967],[3587.47,0.1],[3587.4,30.8046],[3587.38,0.1004],[3586.95,25.3718],[3586.59,0.32]],"asks":[[3588.13,12.5843],[3588.14,6.9775],[3588.15,0.0058],[3588.18,0.0015],[3588.2,0.0463],[3588.24,0.0035],[3588.25,0.0015],[3588.29,0.317],[3588.33,0.0014],[3588.34,0.0014],[3588.36,0.002],[3588.37,0.0016],[3588.45,0.138],[3588.47,0.3005],[3588.48,1.0066],[3588.49,2.9542],[3588.5,0.0241],[3588.51,0.1407],[3588.55,0.5435],[3588.61,0.0477]]},"raw":{}}
{"exchange":"binance","instance_id":"B","symbol":"ETH-USD","event_ts":1762205085.115,"seq":63537796532,"depth":{"last_seq":63537796532,"bids":[[3588.12,18.3954],[3588.11,0.0044],[3587.95,0.0866],[3587.94,0.0111],[3587.89,0.003],[3587.85,0.0515],[3587.83,0.003],[3587.82,1.8156],[3587.81,0.003],[3587.78,0.5523],[3587.77,0.1159],[3587.75,0.0015],[3587.74,1.0953],[3587.73,2.376],[3587.71,0.6967],[3587.47,0.1],[3587.4,30.8046],[3587.38,0.1004],[3586.98,0.32],[3586.95,25.3718]],"asks":[[3588.13,12.5843],[3588.14,6.9775],[3588.15,0.0058],[3588.18,0.0015],[3588.2,0.0463],[3588.24,0.0035],[3588.25,0.0015],[3588.29,0.317],[3588.33,0.0014],[3588.34,0.0014],[3588.36,0.002],[3588.37,0.0016],[3588.45,0.138],[3588.47,0.3035],[3588.48,0.0423],[3588.49,2.9542],[3588.5,0.0241],[3588.51,0.1437],[3588.55,0.5435],[3588.61,0.0477]]},"raw":{}}
{"exchange":"binance","instance_id":"B","symbol":"ETH-USD","event_ts":1762205085.215,"seq":63537796579,"depth":{"last_seq":63537796579,"bids":[[3588.12,19.1632],[3588.11,0.0044],[3587.95,0.0866],[3587.94,0.0111],[3587.89,1.1124],[3587.85,0.0515],[3587.82,1.8156],[3587.79,1.6083],[3587.78,0.5523],[3587.77,0.1129],[3587.74,1.0953],[3587.73,2.376],[3587.71,0.6967],[3587.47,0.1],[3587.4,30.8046],[3587.38,0.1004],[3586.98,0.32],[3586.95,25.3718],[3586.94,0.64],[3586.85,0.32]],"asks":[[3588.13,11.0164],[3588.14,6.9775],[3588.15,0.0058],[3588.18,0.0015],[3588.2,0.0463],[3588.24,0.0035],[3588.25,0.0015],[3588.29,0.317],[3588.33,0.0014],[3588.34,0.0014],[3588.36,0.002],[3588.37,0.0016],[3588.45,0.138],[3588.48,0.0423],[3588.49,0.0292],[3588.5,0.0241],[3588.51,0.1437],[3588.55,0.5435],[3588.61,0.0477],[3588.64,0.003]]},"raw":{}}
{"exchange":"binance","instance_id":"B","symbol":"ETH-USD","event_ts":1762205085.315,"seq":63537796600,"depth":{"last_seq":63537796600,"bids":[[3588.12,20.1109],[3588.11,0.0044],[3587.95,0.0866],[3587.94,0.0111],[3587.9,0.003],[3587.89,1.1154],[3587.85,0.0515],[3587.82,1.8156],[3587.79,1.6083],[3587.78,0.5523],[3587.77,0.1129],[3587.76,2.927],[3587.74,1.0953],[3587.73,2.376],[3587.47,0.1],[3587.4,30.8046],[3587.38,0.1004],[3586.98,0.32],[3586.95,25.3718],[3586.94,0.64]],"asks":[[3588.13,11.0164],[3588.14,6.9793],[3588.15,0.0058],[3588.18,0.0015],[3588.2,0.0463],[3588.24,0.0035],[3588.25,0.0015],[3588.29,0.317],[3588.33,0.0014],[3588.34,0.0014],[3588.36,0.002],[3588.37,0.0016],[3588.45,0.138],[3588.48,0.0393],[3588.49,0.0292],[3588.5,0.0241],[3588.51,0.1437],[3588.55,0.5435],[3588.61,0.0477],[3588.64,0.003]]},"raw":{}}
{"exchange":"binance","instance_id":"B","symbol":"ETH-USD","event_ts":1762205085.415,"seq":63537796648,"depth":{"last_seq":63537796648,"bids":[[3588.12,20.1109],[3588.11,0.0044],[3587.95,0.0866],[3587.94,0.0111],[3587.9,0.003],[3587.89,0.003],[3587.85,0.0515],[3587.83,0.003],[3587.82,1.8156],[3587.81,0.003],[3587.8,10.0265],[3587.79,1.6083],[3587.78,0.5523],[3587.77,0.1129],[3587.76,2.927],[3587.74,1.0953],[3587.73,2.376],[3587.47,0.1],[3587.4,30.8046],[3587.38,0.1004]],"asks":[[3588.13,12.7969],[3588.14,6.9793],[3588.15,0.0058],[3588.18,0.0015],[3588.2,0.0463],[3588.24,0.0035],[3588.25,0.0015],[3588.29,0.317],[3588.33,0.0014],[3588.34,0.0014],[3588.36,0.002],[3588.37,0.0016],[3588.45,0.138],[3588.48,0.0393],[3588.49,0.0292],[3588.5,0.0241],[3588.51,0.1437],[3588.61,0.0477],[3588.65,2.2944],[3588.66,16.7084]]},"raw":{}}
{"exchange":"binance","instance_id":"B","symbol":"ETH-USD","event_ts":1762205085.515,"seq":63537796680,"depth":{"last_seq":63537796680,"bids":[[3588.12,18.8431],[3588.11,0.0044],[3587.95,0.0866],[3587.94,0.0111],[3587.89,0.003],[3587.85,0.0515],[3587.83,0.003],[3587.82,1.8156],[3587.81,0.003],[3587.8,10.028],[3587.79,0.2617],[3587.78,0.5523],[3587.77,0.1144],[3587.76,2.927],[3587.74,1.0953],[3587.73,2.376],[3587.47,0.1],[3587.4,30.8046],[3587.38,0.1004],[3586.99,0.356]],"asks":[[3588.13,13.5647],[3588.14,6.9793],[3588.15,0.0058],[3588.18,0.0015],[3588.2,0.0463],[3588.24,0.0035],[3588.25,0.0015],[3588.29,0.317],[3588.33,0.0014],[3588.34,0.0014],[3588.36,0.002],[3588.37,0.0016],[3588.45,0.138],[3588.48,0.0393],[3588.49,2.9542],[3588.5,0.0241],[3588.51,0.1407],[3588.55,0.5605],[3588.61,0.0477],[3588.65,2.2944]]},"raw":{}}
{"exchange":"binance","instance_id":"B","symbol":"ETH-USD","event_ts":1762205085.615,"seq":63537796711,"depth":{"last_seq":63537796711,"bids":[[3588.12,18.4241],[3588.11,0.0044],[3587.95,0.0866],[3587.94,0.0111],[3587.89,0.003],[3587.85,0.0515],[3587.83,0.003],[3587.82,1.8156],[3587.81,0.003],[3587.8,10.025],[3587.79,0.2617],[3587.78,0.5523],[3587.77,0.1159],[3587.76,2.927],[3587.75,0.0015],[3587.74,1.0953],[3587.73,2.376],[3587.47,0.1],[3587.4,30.8046],[3587.38,0.1004]],"asks":[[3588.13,13.5647],[3588.14,6.9793],[3588.15,0.0058],[3588.18,0.0015],[3588.2,0.0463],[3588.24,0.0035],[3588.25,0.0015],[3588.29,0.317],[3588.33,0.0014],[3588.34,0.0014],[3588.36,0.002],[3588.37,0.0016],[3588.45,0.138],[3588.48,1.0066],[3588.49,2.9542],[3588.5,0.0241],[3588.51,0.1407],[3588.55,0.5605],[3588.61,0.0477],[3588.64,0.9673]]},"raw":{}}
{"exchange":"binance","instance_id":"B","symbol":"ETH-USD","event_ts":1762205085.715,"seq":63537796730,"depth":{"last_seq":63537796730,"bids":[[3588.12,18.8423],[3588.11,0.0044],[3587.95,0.0866],[3587.94,0.0111],[3587.89,0.003],[3587.85,0.0515],[3587.83,0.003],[3587.82,1.8156],[3587.81,0.003],[3587.8,10.025],[3587.79,0.2617],[3587.78,0.5523],[3587.77,0.1159],[3587.76,2.927],[3587.75,0.0015],[3587.74,1.0953],[3587.73,2.376],[3587.47,0.1],[3587.4,30.8046],[3587.38,0.1004]],"asks":[[3588.13,13.5462],[3588.14,6.9793],[3588.15,0.0058],[3588.18,0.0015],[3588.2,0.0463],[3588.24,0.0035],[3588.25,0.0015],[3588.29,0.317],[3588.33,0.0014],[3588.34,0.0014],[3588.36,0.002],[3588.37,0.0016],[3588.45,0.138],[3588.47,0.3035],[3588.48,1.0066],[3588.49,2.9542],[3588.5,0.0241],[3588.51,0.1407],[3588.55,0.5605],[3588.61,0.0477]]},"raw":{}}
{"exchange":"binance","instance_id":"B","symbol":"ETH-USD","event_ts":1762205085.815,"seq":63537796746,"depth":{"last_seq":63537796746,"bids":[[3588.12,18.8423],[3588.11,0.0044],[3587.95,0.0866],[3587.94,0.0015],[3587.89,0.003],[3587.85,0.0515],[3587.83,0.003],[3587.82,1.8156],[3587.81,0.003],[3587.8,10.025],[3587.79,0.2617],[3587.78,0.5523],[3587.77,0.1159],[3587.76,2.927],[3587.75,0.0015],[3587.74,1.0953],[3587.73,2.376],[3587.47,0.1],[3587.4,30.8046],[3587.38,0.1004]],"asks":[[3588.13,13.5557],[3588.14,6.9793],[3588.15,0.0058],[3588.18,0.0015],[3588.2,0.0463],[3588.24,0.0035],[3588.25,0.0015],[3588.29,0.317],[3588.33,0.0014],[3588.34,0.0014],[3588.36,0.002],[3588.37,0.0016],[3588.45,0.138],[3588.47,0.3005],[3588.48,1.0066],[3588.49,2.9542],[3588.5,0.0241],[3588.51,0.1407],[3588.55,0.5605],[3588.61,0.0477]]},"raw":{}}
{"exchange":"binance","instance_id":"B","symbol":"ETH-USD","event_ts":1762205085.915,"seq":63537796761,"depth":{"last_seq":63537796761,"bids":[[3588.12,18.7893],[3588.11,0.0044],[3587.95,0.0866],[3587.89,0.003],[3587.85,0.0515],[3587.83,0.003],[3587.82,1.8171],[3587.81,0.003],[3587.8,10.025],[3587.79,0.2617],[3587.78,0.5523],[3587.77,0.1159],[3587.76,2.927],[3587.75,0.0015],[3587.74,1.0953],[3587.73,2.376],[3587.47,0.1],[3587.4,30.8046],[3587.38,0.1004],[3587.32,0.0331]],"asks":[[3588.13,13.5557],[3588.14,6.9793],[3588.15,0.0058],[3588.18,0.0015],[3588.2,0.0463],[3588.24,0.0035],[3588.25,0.0015],[3588.29,0.317],[3588.33,0.0014],[3588.34,0.0014],[3588.36,0.002],[3588.37,0.0016],[3588.45,0.138],[3588.47,0.3035],[3588.48,1.0096],[3588.49,2.9542],[3588.5,0.0241],[3588.51,0.1407],[3588.55,0.5605],[3588.61,0.0477]]},"raw":{}}
{"exchange":"binance","instance_id":"B","symbol":"ETH-USD","event_ts":1762205086.015,"seq":63537796782,"depth":{"last_seq":63537796782,"bids":[[3588.12,18.3711],[3588.11,0.0044],[3587.95,0.0866],[3587.89,0.003],[3587.85,0.0515],[3587.83,0.003],[3587.82,1.8171],[3587.81,0.003],[3587.8,10.025],[3587.79,0.2617],[3587.78,0.5523],[3587.77,0.1159],[3587.76,2.927],[3587.75,0.0015],[3587.74,1.0953],[3587.73,2.376],[3587.47,0.1],[3587.4,30.8046],[3587.38,0.1004],[3587.37,6.9701]],"asks":[[3588.13,13.5557],[3588.14,6.9793],[3588.15,0.0058],[3588.18,0.0015],[3588.2,0.0463],[3588.24,0.0035],[3588.25,0.0015],[3588.29,0.317],[3588.33,0.0014],[3588.34,0.0014],[3588.36,0.002],[3588.37,0.0016],[3588.39,6.9681],[3588.45,0.138],[3588.47,1.2678],[3588.48,0.0393],[3588.49,2.9542],[3588.5,0.0241],[3588.51,0.1407],[3588.55,0.5605]]},"raw":{}}
{"exchange":"binance","instance_id":"B","symbol":"ETH-USD","event_ts":1762205086.116,"seq":63537796809,"depth":{"last_seq":63537796809,"bids":[[3588.12,18.3656],[3588.11,0.0044],[3587.95,0.0866],[3587.89,0.003],[3587.85,0.0515],[3587.83,0.003],[3587.82,1.8171],[3587.81,0.003],[3587.8,10.025],[3587.79,0.2617],[3587.78,0.5523],[3587.77,0.1159],[3587.76,2.927],[3587.75,0.0015],[3587.74,1.0953],[3587.73,2.376],[3587.47,0.1],[3587.4,32.4437],[3587.38,0.1004],[3587.37,6.9701]],"asks":[[3588.13,13.5557],[3588.14,6.9793],[3588.15,0.0058],[3588.18,0.0015],[3588.2,0.0463],[3588.24,0.0035],[3588.25,0.0015],[3588.29,0.317],[3588.33,0.0014],[3588.34,0.0014],[3588.36,0.002],[3588.37,0.0016],[3588.38,2.4316],[3588.39,6.9711],[3588.45,0.135],[3588.48,0.0393],[3588.49,2.9542],[3588.5,0.0241],[3588.51,0.1407],[3588.55,0.5605]]},"raw":{}}
{"exchange":"binance","instance_id":"B","symbol":"ETH-USD","event_ts":1762205086.215,"seq":63537796823,"depth":{"last_seq":63537796823,"bids":[[3588.12,18.3656],[3588.11,0.0044],[3587.95,0.0866],[3587.89,0.003],[3587.85,0.0515],[3587.83,0.003],[3587.82,1.8171],[3587.81,0.003],[3587.8,10.025],[3587.79,0.2617],[3587.78,0.5523],[3587.77,0.1159],[3587.76,2.927],[3587.75,0.0015],[3587.74,1.0953],[3587.73,2.376],[3587.47,0.1],[3587.4,32.4437],[3587.38,0.1004],[3587.37,6.9701]],"asks":[[3588.13,13.5557],[3588.14,6.9793],[3588.15,0.0058],[3588.18,0.0015],[3588.2,0.0463],[3588.24,0.0035],[3588.25,0.0015],[3588.29,0.317],[3588.33,0.0014],[3588.34,0.0014],[3588.36,0.002],[3588.37,0.0046],[3588.38,2.4346],[3588.39,6.9681],[3588.45,0.135],[3588.48,0.0393],[3588.49,2.9542],[3588.5,0.0241],[3588.51,0.1407],[3588.55,0.5605]]},"raw":{}}
{"exchange":"binance","instance_id":"B","symbol":"ETH-USD","event_ts":1762205086.315,"seq":63537796836,"depth":{"last_seq":63537796836,"bids":[[3588.12,18.3656],[3588.11,0.0044],[3587.95,0.0866],[3587.89,0.003],[3587.85,0.0515],[3587.83,0.003],[3587.82,1.8171],[3587.81,0.003],[3587.8,10.025],[3587.79,0.2617],[3587.78,0.5523],[3587.77,0.1159],[3587.76,2.927],[3587.75,0.0015],[3587.74,1.0953],[3587.73,2.376],[3587.47,0.1],[3587.4,32.4437],[3587.38,0.1004],[3587.37,6.9701]],"asks":[[3588.13,13.5557],[3588.14,6.9793],[3588.15,0.0058],[3588.18,0.0015],[3588.2,0.0463],[3588.24,0.0035],[3588.25,0.0015],[3588.29,0.317],[3588.33,0.0014],[3588.34,0.0014],[3588.36,0.002],[3588.37,0.0046],[3588.38,2.4346],[3588.39,6.9681],[3588.45,0.135],[3588.48,0.0423],[3588.49,2.9542],[3588.5,0.0241],[3588.51,0.1422],[3588.55,0.5605]]},"raw":{}}
{"exchange":"binance","instance_id":"B","symbol":"ETH-USD","event_ts":1762205086.415,"seq":63537796845,"depth":{"last_seq":63537796845,"bids":[[3588.12,18.3656],[3588.11,0.0044],[3587.95,0.0866],[3587.89,0.003],[3587.85,0.0515],[3587.83,0.003],[3587.82,1.8171],[3587.81,0.003],[3587.8,10.025],[3587.79,0.2617],[3587.78,0.5523],[3587.77,0.1159],[3587.76,2.927],[3587.75,0.0015],[3587.74,1.0953],[3587.73,2.376],[3587.47,0.1],[3587.4,32.4437],[3587.38,0.1004],[3587.37,6.9701]],"asks":[[3588.13,13.5557],[3588.14,6.9793],[3588.15,0.0058],[3588.18,0.0015],[3588.2,0.0463],[3588.24,0.0035],[3588.25,0.0015],[3588.29,0.317],[3588.33,0.0014],[3588.34,0.0014],[3588.36,0.002],[3588.37,0.0046],[3588.38,2.4346],[3588.39,6.9681],[3588.45,0.135],[3588.48,0.0423],[3588.49,2.9542],[3588.5,0.0241],[3588.51,0.1407],[3588.55,0.5605]]},"raw":{}}
{"exchange":"binance","instance_id":"B","symbol":"ETH-USD","event_ts":1762205086.515,"seq":63537796854,"depth":{"last_seq":63537796854,"bids":[[3588.12,18.3656],[3588.11,0.0044],[3587.95,0.0866],[3587.89,0.003],[3587.85,0.0515],[3587.83,0.003],[3587.82,1.8171],[3587.81,0.003],[3587.8,10.025],[3587.79,0.2617],[3587.78,0.5523],[3587.77,0.1159],[3587.76,2.927],[3587.75,0.0015],[3587.74,1.0953],[3587.73,2.376],[3587.47,0.1],[3587.4,32.4437],[3587.38,0.1004],[3587.37,6.9701]],"asks":[[3588.13,13.5557],[3588.14,6.9793],[3588.15,0.0058],[3588.18,0.0015],[3588.2,0.0463],[3588.24,0.0035],[3588.25,0.0015],[3588.29,0.317],[3588.33,0.0014],[3588.34,0.0014],[3588.36,0.002],[3588.37,0.0046],[3588.38,2.4346],[3588.39,6.9681],[3588.45,0.135],[3588.48,0.0423],[3588.49,2.9542],[3588.5,0.0241],[3588.51,0.1407],[3588.55,0.5605]]},"raw":{}}
{"exchange":"binance","instance_id":"B","symbol":"ETH-USD","event_ts":1762205086.615,"seq":63537797405,"depth":{"last_seq":63537797405,"bids":[[3587.88,11.3165],[3587.87,0.0737],[3587.85,0.003],[3587.84,0.0418],[3587.83,0.0045],[3587.82,1.8186],[3587.81,0.0045],[3587.8,0.003],[3587.79,0.2677],[3587.78,0.003],[3587.77,0.1174],[3587.76,0.002],[3587.75,0.0015],[3587.74,0.0168],[3587.73,0.051],[3587.56,0.0557],[3587.47,0.1],[3587.42,9.7183],[3587.4,5.7103],[3587.38,0.0168]],"asks":[[3587.89,53.28],[3587.9,10.7214],[3587.95,0.003],[3587.96,0.0014],[3587.98,0.26],[3587.99,0.26],[3588.0,0.0014],[3588.09,0.26],[3588.11,8.555],[3588.12,17.5866],[3588.13,5.6754],[3588.14,6.9778],[3588.15,0.0558],[3588.18,0.0015],[3588.2,0.0463],[3588.24,0.002],[3588.28,2.293],[3588.29,0.3154],[3588.3,0.05],[3588.33,10.0264]]},"raw":{}}
{"exchange":"binance","instance_id":"B","symbol":"ETH-USD","event_ts":1762205086.715,"seq":63537797587,"depth":{"last_seq":63537797587,"bids":[[3587.88,11.315],[3587.87,0.0751],[3587.86,0.0029],[3587.84,0.0433],[3587.83,0.0045],[3587.82,1.8186],[3587.81,0.0015],[3587.8,0.0045],[3587.79,0.2647],[3587.78,0.0015],[3587.77,0.1144],[3587.76,0.002],[3587.74,0.0168],[3587.73,0.051],[3587.56,0.0557],[3587.51,0.5563],[3587.47,0.1],[3587.43,0.003],[3587.42,0.0299],[3587.41,0.003]],"asks":[[3587.89,53.3233],[3587.9,14.5366],[3587.91,0.0029],[3587.95,0.0015],[3587.96,0.0029],[3587.98,0.0059],[3587.99,0.3199],[3588.0,0.0029],[3588.09,0.0045],[3588.11,0.0045],[3588.12,6.9478],[3588.13,0.0349],[3588.14,6.9686],[3588.15,0.0514],[3588.17,0.0029],[3588.2,0.0418],[3588.21,0.0015],[3588.24,0.002],[3588.28,2.293],[3588.29,0.0014]]},"raw":{}}
{"exchange":"binance","instance_id":"B","symbol":"ETH-USD","event_ts":1762205086.815,"seq":63537797659,"depth":{"last_seq":63537797659,"bids":[[3587.88,11.3135],[3587.87,0.0751],[3587.86,0.0044],[3587.84,0.0433],[3587.83,0.6633],[3587.82,1.8186],[3587.81,0.0015],[3587.8,0.0045],[3587.79,0.2647],[3587.78,0.0015],[3587.77,0.1144],[3587.76,0.002],[3587.74,0.0168],[3587.73,0.051],[3587.56,0.0557],[3587.52,0.0065],[3587.51,0.5563],[3587.47,0.1],[3587.42,0.0299],[3587.41,0.003]],"asks":[[3587.89,53.3094],[3587.9,9.1534],[3587.91,0.0044],[3587.92,0.0015],[3587.95,0.0015],[3587.96,0.0029],[3587.98,0.0029],[3587.99,0.3199],[3588.0,0.0029],[3588.09,0.0015],[3588.11,0.0015],[3588.12,5.1665],[3588.13,0.0379],[3588.14,6.973],[3588.15,0.0514],[3588.17,0.0014],[3588.2,0.0432],[3588.24,0.002],[3588.28,2.2944],[3588.3,0.05]]},"raw":{}}
{"exchange":"binance","instance_id":"B","symbol":"ETH-USD","event_ts":1762205086.915,"seq":63537797682,"depth":{"last_seq":63537797682,"bids":[[3587.88,11.315],[3587.87,0.0766],[3587.86,0.0044],[3587.84,0.0463],[3587.83,0.6648],[3587.82,1.8186],[3587.81,0.0015],[3587.8,0.0045],[3587.79,0.2647],[3587.78,0.0015],[3587.77,0.1129],[3587.76,0.002],[3587.74,0.0168],[3587.73,0.051],[3587.56,0.0557],[3587.52,0.0065],[3587.51,0.5563],[3587.47,0.1],[3587.42,0.0299],[3587.41,0.003]],"asks":[[3587.89,53.3094],[3587.9,9.1534],[3587.91,0.0044],[3587.92,0.003],[3587.95,0.0015],[3587.96,0.0029],[3587.98,0.0029],[3587.99,0.3199],[3588.0,0.0029],[3588.09,0.0015],[3588.12,5.1665],[3588.13,0.0379],[3588.14,6.973],[3588.15,0.0514],[3588.17,0.0014],[3588.2,0.0432],[3588.24,0.002],[3588.28,2.2944],[3588.3,0.05],[3588.31,7.0013]]},"raw":{}}
{"exchange":"binance","instance_id":"B","symbol":"ETH-USD","event_ts":1762205087.015,"seq":63537797700,"depth":{"last_seq":63537797700,"bids":[[3587.88,11.315],[3587.87,0.0766],[3587.86,0.0044],[3587.84,0.0463],[3587.83,0.6648],[3587.82,1.8186],[3587.81,0.0015],[3587.8,0.0045],[3587.79,0.2632],[3587.78,0.0015],[3587.77,0.1129],[3587.76,0.002],[3587.74,0.0168],[3587.73,0.051],[3587.56,0.0557],[3587.52,0.0065],[3587.51,0.5563],[3587.47,0.1],[3587.42,0.0299],[3587.41,0.003]],"asks":[[3587.89,53.3094],[3587.9,6.9765],[3587.91,0.0044],[3587.92,0.003],[3587.95,0.0015],[3587.96,0.0029],[3587.98,0.0029],[3587.99,0.3199],[3588.0,0.0029],[3588.09,0.0015],[3588.12,5.1665],[3588.13,0.0379],[3588.14,6.973],[3588.15,0.0514],[3588.17,0.0014],[3588.2,0.0432],[3588.24,0.002],[3588.28,2.2944],[3588.3,0.05],[3588.31,7.0013]]},"raw":{}}
{"exchange":"binance","instance_id":"B","symbol":"ETH-USD","event_ts":1762205087.115,"seq":63537797742,"depth":{"last_seq":63537797742,"bids":[[3587.88,11.315],[3587.87,0.0766],[3587.86,0.0044],[3587.84,0.0463],[3587.83,0.6648],[3587.82,1.8186],[3587.81,0.0015],[3587.8,0.0045],[3587.79,0.2632],[3587.78,0.0015],[3587.77,0.1144],[3587.76,0.002],[3587.74,0.0168],[3587.73,0.051],[3587.56,0.0557],[3587.52,0.2932],[3587.51,0.5563],[3587.47,0.1],[3587.42,1.0458],[3587.41,0.003]],"asks":[[3587.89,41.5089],[3587.9,6.9765],[3587.91,0.0044],[3587.92,0.003],[3587.95,0.0015],[3587.96,0.0029],[3587.98,0.0029],[3587.99,0.3199],[3588.0,0.0029],[3588.09,0.0015],[3588.11,0.7033],[3588.12,2.8249],[3588.13,0.0409],[3588.14,6.973],[3588.15,0.0514],[3588.17,0.0014],[3588.2,0.0432],[3588.24,0.002],[3588.28,2.2944],[3588.3,0.05]]},"raw":{}}
{"exchange":"binance","instance_id":"B","symbol":"ETH-USD","event_ts":1762205087.215,"seq":63537797847,"depth":{"last_seq":63537797847,"bids":[[3587.88,17.9257],[3587.87,0.0721],[3587.86,0.0044],[3587.84,0.0463],[3587.83,0.6648],[3587.82,1.8186],[3587.81,0.0015],[3587.8,0.0045],[3587.79,0.2632],[3587.78,0.0015],[3587.77,0.1144],[3587.76,0.002],[3587.74,0.0168],[3587.73,0.051],[3587.63,1.2512],[3587.56,0.0557],[3587.52,0.2902],[3587.51,2.8813],[3587.47,0.1],[3587.43,1.0159]],"asks":[[3587.89,27.2154],[3587.9,6.9765],[3587.91,0.0044],[3587.92,0.003],[3587.95,0.0015],[3587.96,0.0029],[3587.98,0.0029],[3587.99,0.3199],[3588.0,0.0029],[3588.09,0.0015],[3588.1,0.003],[3588.11,0.006],[3588.12,0.0044],[3588.13,0.0074],[3588.14,6.97],[3588.15,0.0514],[3588.17,0.0014],[3588.2,0.0432],[3588.24,0.002],[3588.27,0.0015]]},"raw":{}}
{"exchange":"binance","instance_id":"B","symbol":"ETH-USD","event_ts":1762205087.315,"seq":63537797982,"depth":{"last_seq":63537797982,"bids":[[3587.88,20.2388],[3587.87,0.0616],[3587.86,0.0044],[3587.84,0.0448],[3587.83,0.6618],[3587.82,1.8186],[3587.81,0.0015],[3587.8,0.0015],[3587.79,0.2632],[3587.78,0.0015],[3587.77,0.1144],[3587.76,0.002],[3587.74,0.0168],[3587.73,0.051],[3587.64,0.3838],[3587.63,1.2512],[3587.58,1.3811],[3587.56,0.0557],[3587.52,2.9137],[3587.51,2.8813]],"asks":[[3587.89,0.1161],[3587.9,0.0074],[3587.91,0.0044],[3587.92,0.003],[3587.95,0.0015],[3587.96,0.0029],[3587.97,6.969],[3587.98,0.0029],[3587.99,0.32],[3588.0,0.0029],[3588.09,0.0015],[3588.13,0.0044],[3588.14,0.0044],[3588.15,0.0544],[3588.17,0.0014],[3588.2,0.0432],[3588.24,0.002],[3588.27,0.003],[3588.28,0.0014],[3588.3,0.0544]]},"raw":{}}
{"exchange":"binance","instance_id":"B","symbol":"ETH-USD","event_ts":1762205087.415,"seq":63537798210,"depth":{"last_seq":63537798210,"bids":[[3587.96,56.7488],[3587.95,0.0029],[3587.94,6.7328],[3587.88,2.928],[3587.87,0.0587],[3587.86,0.0015],[3587.84,0.0448],[3587.83,0.003],[3587.82,1.8186],[3587.81,0.0015],[3587.8,0.0015],[3587.79,0.2617],[3587.77,0.1144],[3587.76,0.002],[3587.74,0.0168],[3587.73,2.376],[3587.7,0.05],[3587.64,0.7367],[3587.63,0.0418],[3587.58,1.3811]],"asks":[[3587.97,12.7146],[3587.98,0.0088],[3587.99,0.32],[3588.0,0.0029],[3588.09,0.0015],[3588.13,0.0015],[3588.14,0.0029],[3588.15,0.0059],[3588.17,0.0029],[3588.2,0.0463],[3588.24,0.002],[3588.28,0.0014],[3588.3,0.0544],[3588.31,2.1769],[3588.32,0.0074],[3588.33,6.9711],[3588.34,0.0014],[3588.36,0.002],[3588.37,0.0016],[3588.41,0.0418]]},"raw":{}}
{"exchange":"binance","instance_id":"B","symbol":"ETH-USD","event_ts":1762205087.515,"seq":63537798282,"depth":{"last_seq":63537798282,"bids":[[3587.96,53.8268],[3587.95,0.0074],[3587.94,1.5673],[3587.89,0.003],[3587.88,0.003],[3587.87,0.0587],[3587.86,0.0015],[3587.84,0.0448],[3587.83,0.0045],[3587.82,1.8186],[3587.81,0.0015],[3587.79,0.2602],[3587.77,0.1144],[3587.76,0.002],[3587.74,1.1657],[3587.73,2.376],[3587.7,0.05],[3587.63,0.0418],[3587.6,2.925],[3587.58,1.3811]],"asks":[[3587.97,13.1926],[3587.98,0.0088],[3587.99,0.0089],[3588.0,0.0029],[3588.09,0.0015],[3588.13,0.0015],[3588.14,0.0015],[3588.15,0.0029],[3588.17,0.0029],[3588.2,0.0463],[3588.24,0.002],[3588.28,0.0014],[3588.3,0.0574],[3588.31,2.1799],[3588.32,0.0074],[3588.33,2.9278],[3588.34,0.0014],[3588.36,0.002],[3588.37,0.0016],[3588.41,0.0418]]},"raw":{}}
{"exchange":"binance","instance_id":"B","symbol":"ETH-USD","event_ts":1762205087.615,"seq":63537798359,"depth":{"last_seq":63537798359,"bids":[[3587.96,53.8268],[3587.95,0.0074],[3587.94,0.6961],[3587.88,0.0015],[3587.87,0.0587],[3587.86,0.0015],[3587.84,0.0448],[3587.83,0.0015],[3587.82,1.8186],[3587.79,0.2617],[3587.77,0.1144],[3587.76,0.502],[3587.74,1.8919],[3587.73,2.376],[3587.7,0.05],[3587.63,0.0418],[3587.6,2.925],[3587.58,1.3811],[3587.56,0.0557],[3587.52,7.7284]],"asks":[[3587.97,12.7176],[3587.98,0.0044],[3587.99,0.0059],[3588.0,0.0029],[3588.09,0.0015],[3588.13,0.0015],[3588.14,0.0015],[3588.15,0.0029],[3588.16,6.9686],[3588.17,0.0029],[3588.2,0.0463],[3588.24,0.002],[3588.28,0.0014],[3588.3,0.0574],[3588.31,0.0044],[3588.32,0.0074],[3588.33,0.0028],[3588.34,0.0014],[3588.36,0.002],[3588.37,0.0016]]},"raw":{}}
{"exchange":"binance","instance_id":"B","symbol":"ETH-USD","event_ts":1762205087.715,"seq":63537798410,"depth":{"last_seq":63537798410,"bids":[[3587.96,53.8268],[3587.95,0.0074],[3587.94,0.6961],[3587.88,0.0015],[3587.87,0.0587],[3587.86,0.0015],[3587.84,0.0463],[3587.83,0.0015],[3587.82,1.8186],[3587.79,0.2617],[3587.77,0.1144],[3587.76,0.502],[3587.74,1.8919],[3587.73,2.376],[3587.7,0.05],[3587.63,0.0418],[3587.6,2.925],[3587.58,1.3811],[3587.56,0.0557],[3587.52,4.1102]],"asks":[[3587.97,12.722],[3587.98,0.0044],[3587.99,0.0059],[3588.0,0.0029],[3588.09,0.0015],[3588.13,0.0015],[3588.14,0.0015],[3588.15,0.0059],[3588.16,6.9731],[3588.17,0.0029],[3588.2,0.0448],[3588.24,0.002],[3588.28,0.0014],[3588.3,0.05],[3588.32,0.0044],[3588.33,0.0028],[3588.34,0.0014],[3588.36,0.002],[3588.37,0.0016],[3588.41,0.0418]]},"raw":{}}
{"exchange":"binance","instance_id":"B","symbol":"ETH-USD","event_ts":1762205087.815,"seq":63537798436,"depth":{"last_seq":63537798436,"bids":[[3587.96,53.8253],[3587.95,0.0044],[3587.94,0.6961],[3587.88,0.0015],[3587.87,0.0587],[3587.86,0.0015],[3587.84,0.0463],[3587.83,0.0015],[3587.82,1.8186],[3587.79,0.2632],[3587.77,0.1144],[3587.76,0.502],[3587.74,1.8919],[3587.73,2.376],[3587.7,0.05],[3587.63,0.0418],[3587.6,2.925],[3587.58,1.3811],[3587.56,0.0557],[3587.52,4.1102]],"asks":[[3587.97,0.0769],[3587.98,0.0044],[3587.99,0.0044],[3588.0,0.0029],[3588.09,0.0015],[3588.13,0.0015],[3588.14,0.0015],[3588.15,0.0059],[3588.16,6.9731],[3588.17,0.0029],[3588.2,0.0448],[3588.24,0.002],[3588.28,0.0014],[3588.3,0.053],[3588.32,0.0044],[3588.33,0.0028],[3588.34,0.0014],[3588.36,0.002],[3588.37,0.0016],[3588.41,0.0418]]},"raw":{}}
{"exchange":"binance","instance_id":"B","symbol":"ETH-USD","event_ts":1762205087.915,"seq":63537800036,"depth":{"last_seq":63537800036,"bids":[[3588.58,54.6471],[3588.54,8.2287],[3588.53,0.8174],[3588.52,0.003],[3588.5,1.4015],[3588.48,36.0267],[3588.47,1.3704],[3588.45,0.003],[3588.44,1.4015],[3588.35,0.31],[3588.34,0.0014],[3588.3,0.36],[3588.29,10.025],[3588.27,28.2842],[3588.25,10.0009],[3588.23,2.2],[3588.2,0.31],[3588.19,0.0015],[3588.17,0.0331],[3588.15,2.2529]],"asks":[[3588.59,0.0234],[3588.6,0.0124],[3588.61,0.1477],[3588.64,0.003],[3588.65,0.0045],[3588.66,0.0851],[3588.67,0.0337],[3588.68,0.0059],[3588.69,0.0098],[3588.7,0.0015],[3588.72,0.0064],[3588.73,0.0072],[3588.75,0.0014],[3588.76,0.0035],[3588.77,0.0014],[3588.78,0.0014],[3588.82,0.0182],[3588.84,0.1427],[3588.88,0.0014],[3588.89,0.6239]]},"raw":{}}
{"exchange":"binance","instance_id":"B","symbol":"ETH-USD","event_ts":1762205088.015,"seq":63537801053,"depth":{"last_seq":63537801053,"bids":[[3588.81,36.063],[3588.72,44.9442],[3588.71,2.7636],[3588.67,2.3533],[3588.66,0.003],[3588.65,2.203],[3588.58,1.9272],[3588.54,0.0015],[3588.53,0.8029],[3588.52,0.0015],[3588.5,1.4015],[3588.49,22.6162],[3588.48,2.952],[3588.47,1.3674],[3588.45,0.05],[3588.44,1.4],[3588.36,2.6865],[3588.35,2.635],[3588.34,0.0014],[3588.3,0.36]],"asks":[[3588.82,0.0417],[3588.83,0.006],[3588.84,0.1428],[3588.85,0.003],[3588.88,0.0059],[3588.89,0.6254],[3588.9,0.0029],[3588.91,0.0029],[3588.92,0.0015],[3588.93,0.0015],[3588.94,0.0015],[3588.96,0.0035],[3589.05,0.0514],[3589.06,0.0345],[3589.1,0.0014],[3589.11,0.0029],[3589.12,0.0036],[3589.18,0.0182],[3589.2,0.0534],[3589.21,0.1014]]},"raw":{}}
{"exchange":"binance","instance_id":"B","symbol":"ETH-USD","event_ts":1762205088.115,"seq":63537802786,"depth":{"last_seq":63537802786,"bids":[[3589.66,17.6378],[3589.65,0.0029],[3589.64,0.0029],[3589.62,0.003],[3589.61,25.5004],[3589.6,0.003],[3589.56,2.8728],[3589.55,0.003],[3589.5,0.003],[3589.49,0.003],[3589.48,17.0439],[3589.42,0.5581],[3589.38,0.0015],[3589.35,0.05],[3589.3,0.6],[3589.29,0.0014],[3589.25,0.18],[3589.24,0.0029],[3589.22,0.0021],[3589.2,0.0515]],"asks":[[3589.67,9.1111],[3589.68,0.0089],[3589.73,0.0044],[3589.74,0.0014],[3589.75,0.0044],[3589.76,0.0044],[3589.77,0.0014],[3589.78,0.002],[3589.8,0.0252],[3589.86,0.0014],[3589.9,0.0182],[3589.92,0.002],[3589.95,0.0514],[3589.96,0.0015],[3589.97,0.0014],[3589.98,0.0029],[3590.0,0.2095],[3590.01,0.0014],[3590.03,2.9264],[3590.04,0.0014]]},"raw":{}}
{"exchange":"binance","instance_id":"B","symbol":"ETH-USD","event_ts":1762205088.215,"seq":63537803175,"depth":{"last_seq":63537803175,"bids":[[3589.66,17.3492],[3589.65,0.0044],[3589.64,0.0044],[3589.62,45.2332],[3589.61,0.003],[3589.6,0.0015],[3589.57,0.003],[3589.56,4.8934],[3589.55,0.0015],[3589.5,0.0515],[3589.49,89.0212],[3589.48,0.0029],[3589.42,0.5596],[3589.35,0.0515],[3589.29,0.0014],[3589.24,0.2792],[3589.22,3.3451],[3589.2,1.9],[3589.19,7.0185],[3589.18,20.061]],"asks":[[3589.67,8.1736],[3589.68,0.0044],[3589.69,0.0029],[3589.73,0.0015],[3589.74,0.0015],[3589.75,0.0015],[3589.76,0.0015],[3589.77,0.0029],[3589.78,0.0035],[3589.8,0.0059],[3589.84,0.0036],[3589.86,0.0014],[3589.9,1.1552],[3589.92,0.002],[3589.95,0.003],[3589.97,0.0014],[3589.98,0.0029],[3589.99,0.003],[3590.0,0.003],[3590.01,0.0014]]},"raw":{}}
{"exchange":"binance","instance_id":"B","symbol":"ETH-USD","event_ts":1762205088.315,"seq":63537803373,"depth":{"last_seq":63537803373,"bids":[[3589.66,17.5277],[3589.65,0.0044],[3589.64,0.0044],[3589.63,14.3649],[3589.62,36.7614],[3589.61,0.0015],[3589.6,0.0015],[3589.57,0.0045],[3589.56,26.1343],[3589.55,0.0015],[3589.5,0.056],[3589.49,89.0182],[3589.48,0.0014],[3589.42,0.5596],[3589.35,0.05],[3589.29,0.0014],[3589.24,0.2792],[3589.23,1.5657],[3589.22,3.3451],[3589.2,0.05]],"asks":[[3589.67,8.1751],[3589.68,0.0044],[3589.69,0.0044],[3589.73,0.0015],[3589.74,0.0015],[3589.75,0.0015],[3589.76,0.0015],[3589.77,0.0015],[3589.78,0.0035],[3589.8,0.0029],[3589.86,0.0014],[3589.89,1.1039],[3589.9,0.0513],[3589.92,0.002],[3589.98,0.0029],[3590.01,1.1659],[3590.02,0.9603],[3590.03,2.9264],[3590.05,0.0014],[3590.09,0.0029]]},"raw":{}}
{"exchange":"binance","instance_id":"B","symbol":"ETH-USD","event_ts":1762205088.415,"seq":63537803490,"depth":{"last_seq":63537803490,"bids":[[3589.66,17.5292],[3589.65,0.0044],[3589.64,0.0074],[3589.63,14.3679],[3589.62,36.7629],[3589.61,0.0015],[3589.6,0.0015],[3589.57,0.0045],[3589.56,26.1343],[3589.55,0.0015],[3589.5,0.0545],[3589.49,89.0182],[3589.48,0.0014],[3589.42,0.5581],[3589.35,0.05],[3589.3,0.1],[3589.29,0.0014],[3589.24,0.2792],[3589.23,1.0134],[3589.22,3.3451]],"asks":[[3589.67,8.1795],[3589.68,0.0044],[3589.69,0.0044],[3589.73,0.0015],[3589.74,0.0015],[3589.75,0.0015],[3589.76,0.0015],[3589.77,0.0015],[3589.78,0.0035],[3589.8,0.0029],[3589.86,0.0014],[3589.88,0.003],[3589.89,1.1039],[3589.9,0.0557],[3589.92,0.002],[3589.98,0.0029],[3590.0,0.003],[3590.01,1.1689],[3590.02,0.9633],[3590.03,3.0264]]},"raw":{}}
{"exchange":"binance","instance_id":"B","symbol":"ETH-USD","event_ts":1762205088.515,"seq":63537803615,"depth":{"last_seq":63537803615,"bids":[[3589.66,20.4542],[3589.65,0.0044],[3589.64,0.0074],[3589.63,14.3679],[3589.62,36.7629],[3589.61,0.0015],[3589.6,0.0015],[3589.57,0.0015],[3589.56,26.1343],[3589.55,0.0015],[3589.5,0.0515],[3589.49,89.0182],[3589.48,0.0014],[3589.36,0.0331],[3589.35,0.05],[3589.3,0.1],[3589.29,0.0014],[3589.26,0.5457],[3589.24,0.2822],[3589.23,2.36]],"asks":[[3589.67,3.6115],[3589.68,0.0074],[3589.69,0.0044],[3589.73,0.0015],[3589.74,0.0015],[3589.75,0.0015],[3589.76,0.0015],[3589.77,0.0015],[3589.78,0.0035],[3589.8,0.0029],[3589.86,0.0014],[3589.88,0.003],[3589.89,0.003],[3589.9,0.0557],[3589.92,0.002],[3589.98,0.0029],[3590.0,1.0081],[3590.01,1.1689],[3590.02,0.006],[3590.03,0.1014]]},"raw":{}}
{"exchange":"binance","instance_id":"B","symbol":"ETH-USD","event_ts":1762205088.615,"seq":63537803725,"depth":{"last_seq":63537803725,"bids":[[3589.66,17.5292],[3589.65,0.0044],[3589.64,1.4433],[3589.63,24.3929],[3589.62,0.0045],[3589.61,0.0015],[3589.6,0.0015],[3589.57,0.0015],[3589.56,26.1343],[3589.55,0.0015],[3589.5,17.094],[3589.49,89.0182],[3589.48,0.0014],[3589.36,0.0331],[3589.35,0.05],[3589.3,0.1],[3589.29,0.0014],[3589.26,0.5457],[3589.24,0.2822],[3589.23,4.31]],"asks":[[3589.67,3.601],[3589.68,0.0059],[3589.69,0.0044],[3589.73,0.0015],[3589.74,0.0015],[3589.75,0.0015],[3589.76,0.0015],[3589.77,0.0015],[3589.78,0.0035],[3589.8,0.0029],[3589.86,0.0014],[3589.9,0.0557],[3589.92,0.002],[3589.98,0.0029],[3589.99,0.003],[3590.0,1.0111],[3590.01,0.0044],[3590.03,3.0264],[3590.05,0.0014],[3590.09,0.0059]]},"raw":{}}
{"exchange":"binance","instance_id":"B","symbol":"ETH-USD","event_ts":1762205088.715,"seq":63537803788,"depth":{"last_seq":63537803788,"bids":[[3589.66,17.5307],[3589.65,0.0074],[3589.64,14.1335],[3589.63,10.028],[3589.62,0.003],[3589.61,0.0015],[3589.6,0.0029],[3589.57,0.0045],[3589.56,26.1343],[3589.55,0.0015],[3589.5,17.094],[3589.49,89.1018],[3589.48,0.0014],[3589.36,0.0331],[3589.35,0.05],[3589.31,0.1114],[3589.3,0.1],[3589.29,0.0014],[3589.26,0.5457],[3589.24,0.2822]],"asks":[[3589.67,3.601],[3589.68,0.0059],[3589.69,0.0044],[3589.73,0.0015],[3589.74,0.0015],[3589.75,0.0015],[3589.76,0.0015],[3589.77,0.0015],[3589.78,0.0035],[3589.8,0.0029],[3589.86,0.0014],[3589.9,1.1552],[3589.92,0.002],[3589.98,0.0029],[3589.99,0.003],[3590.0,1.0081],[3590.01,0.0014],[3590.02,0.1144],[3590.03,3.0264],[3590.05,0.0014]]},"raw":{}}
{"exchange":"binance","instance_id":"B","symbol":"ETH-USD","event_ts":1762205088.815,"seq":63537803820,"depth":{"last_seq":63537803820,"bids":[[3589.66,17.5307],[3589.65,4.2307],[3589.64,9.6998],[3589.63,10.028],[3589.62,0.003],[3589.61,0.0015],[3589.6,0.0029],[3589.57,0.0045],[3589.56,26.1343],[3589.55,0.0015],[3589.51,0.003],[3589.5,17.0955],[3589.49,89.1018],[3589.48,0.0014],[3589.36,0.0331],[3589.35,0.05],[3589.31,0.1114],[3589.3,0.1],[3589.29,0.0014],[3589.26,0.5457]],"asks":[[3589.67,3.601],[3589.68,0.0059],[3589.69,0.0044],[3589.73,0.0015],[3589.74,0.0015],[3589.75,0.0015],[3589.76,0.0015],[3589.77,0.0015],[3589.78,0.0035],[3589.8,0.0029],[3589.84,0.0015],[3589.86,0.0014],[3589.89,0.003],[3589.9,1.1552],[3589.92,0.002],[3589.98,0.0029],[3589.99,1.2427],[3590.0,1.0081],[3590.01,0.0014],[3590.02,0.1174]]},"raw":{}}
{"exchange":"binance","instance_id":"B","symbol":"ETH-USD","event_ts":1762205088.915,"seq":63537803904,"depth":{"last_seq":63537803904,"bids":[[3589.66,13.9837],[3589.65,2.5919],[3589.64,0.0089],[3589.63,10.028],[3589.62,0.003],[3589.61,0.0015],[3589.6,0.0029],[3589.57,0.0045],[3589.56,26.1343],[3589.55,0.0015],[3589.51,0.003],[3589.5,17.094],[3589.49,89.1003],[3589.48,0.0014],[3589.36,0.0331],[3589.35,0.05],[3589.31,0.1114],[3589.3,0.1],[3589.29,0.0014],[3589.26,0.5457]],"asks":[[3589.67,9.8492],[3589.68,0.0044],[3589.69,0.0044],[3589.73,0.0015],[3589.74,0.0015],[3589.75,0.0015],[3589.76,0.0015],[3589.77,0.0015],[3589.78,0.0035],[3589.8,0.0029],[3589.84,0.0015],[3589.86,0.0014],[3589.89,1.4014],[3589.9,1.1552],[3589.92,0.002],[3589.98,0.0059],[3589.99,1.2441],[3590.0,0.003],[3590.01,0.0014],[3590.02,0.1114]]},"raw":{}}
{"exchange":"binance","instance_id":"B","symbol":"ETH-USD","event_ts":1762205089.015,"seq":63537803954,"depth":{"last_seq":63537803954,"bids":[[3589.66,13.4024],[3589.65,0.0059],[3589.64,3.0052],[3589.63,10.028],[3589.62,0.003],[3589.61,0.0015],[3589.6,0.0029],[3589.57,0.0045],[3589.56,26.1343],[3589.55,0.0015],[3589.51,0.003],[3589.5,17.0955],[3589.49,89.1018],[3589.48,0.0014],[3589.36,0.0331],[3589.35,0.05],[3589.31,0.1114],[3589.3,0.1],[3589.29,0.0014],[3589.26,0.5457]],"asks":[[3589.67,8.7282],[3589.68,0.0044],[3589.69,0.0044],[3589.73,0.0015],[3589.74,0.0015],[3589.75,0.0015],[3589.76,0.0015],[3589.77,0.0015],[3589.78,0.0035],[3589.8,0.0029],[3589.84,0.0015],[3589.86,0.0014],[3589.88,0.7667],[3589.89,1.059],[3589.9,1.1552],[3589.92,0.002],[3589.98,0.0059],[3589.99,1.2441],[3590.01,0.0014],[3590.02,0.1144]]},"raw":{}}
{"exchange":"binance","instance_id":"B","symbol":"ETH-USD","event_ts":1762205089.115,"seq":63537804021,"depth":{"last_seq":63537804021,"bids":[[3589.66,10.1415],[3589.65,0.0074],[3589.64,0.0089],[3589.63,0.003],[3589.62,0.003],[3589.61,0.0015],[3589.6,0.0029],[3589.57,0.0045],[3589.56,0.003],[3589.55,0.0015],[3589.51,0.003],[3589.5,17.0955],[3589.49,89.1018],[3589.48,0.0014],[3589.36,0.0331],[3589.35,0.05],[3589.31,0.1114],[3589.3,0.1],[3589.29,0.0014],[3589.26,0.5457]],"asks":[[3589.67,12.483],[3589.68,0.0044],[3589.69,0.0044],[3589.73,0.0015],[3589.74,0.0015],[3589.75,0.0015],[3589.76,0.0015],[3589.77,0.0015],[3589.78,0.0035],[3589.8,0.0029],[3589.84,0.0015],[3589.86,0.0014],[3589.87,1.0015],[3589.88,0.7667],[3589.89,1.056],[3589.9,0.0543],[3589.92,0.002],[3589.98,0.0029],[3589.99,1.2441],[3590.01,0.0014]]},"raw":{}}
{"exchange":"binance","instance_id":"B","symbol":"ETH-USD","event_ts":1762205089.215,"seq":63537804091,"depth":{"last_seq":63537804091,"bids":[[3589.66,10.143],[3589.65,0.0044],[3589.64,0.0044],[3589.63,0.0015],[3589.62,0.003],[3589.61,0.0015],[3589.6,0.0029],[3589.57,0.0015],[3589.56,0.0015],[3589.55,0.0015],[3589.51,0.003],[3589.5,26.6518],[3589.49,89.1018],[3589.48,0.0014],[3589.36,0.0346],[3589.35,0.0515],[3589.31,0.4043],[3589.3,0.1],[3589.29,0.0014],[3589.26,0.5457]],"asks":[[3589.67,12.486],[3589.68,0.0044],[3589.69,0.0044],[3589.73,0.0015],[3589.74,0.0015],[3589.75,0.0015],[3589.76,0.0015],[3589.77,0.0015],[3589.78,0.0035],[3589.8,0.0029],[3589.84,0.0015],[3589.86,0.8642],[3589.87,1.003],[3589.88,0.006],[3589.89,1.056],[3589.9,0.0543],[3589.92,0.002],[3589.98,0.0029],[3589.99,1.2411],[3590.01,0.0014]]},"raw":{}}
{"exchange":"binance","instance_id":"B","symbol":"ETH-USD","event_ts":1762205089.315,"seq":63537804131,"depth":{"last_seq":63537804131,"bids":[[3589.66,10.143],[3589.65,0.0044],[3589.64,0.0044],[3589.63,0.0015],[3589.62,0.003],[3589.61,0.0015],[3589.6,0.0029],[3589.57,0.0015],[3589.56,0.0015],[3589.55,0.0015],[3589.51,0.003],[3589.5,26.6518],[3589.49,89.1018],[3589.48,0.0014],[3589.36,0.0346],[3589.35,0.0515],[3589.31,0.4043],[3589.3,0.1],[3589.29,0.0014],[3589.26,0.5457]],"asks":[[3589.67,12.489],[3589.68,0.0044],[3589.69,0.0044],[3589.73,0.0015],[3589.74,0.0015],[3589.75,0.0015],[3589.76,0.0015],[3589.77,0.0015],[3589.78,0.0035],[3589.8,0.0029],[3589.84,0.0015],[3589.85,0.8924],[3589.86,0.0059],[3589.87,0.9985],[3589.88,0.003],[3589.89,1.056],[3589.9,0.0543],[3589.92,0.002],[3589.95,0.0461],[3589.98,0.0059]]},"raw":{}}
{"exchange":"binance","instance_id":"B","symbol":"ETH-USD","event_ts":1762205089.415,"seq":63537804256,"depth":{"last_seq":63537804256,"bids":[[3589.66,1.0837],[3589.65,0.0044],[3589.64,0.0044],[3589.63,0.0015],[3589.62,0.003],[3589.61,0.0015],[3589.6,0.0029],[3589.57,0.0015],[3589.56,0.0015],[3589.55,0.0015],[3589.51,0.003],[3589.5,0.0045],[3589.49,0.0866],[3589.48,0.0014],[3589.36,0.0346],[3589.35,0.0515],[3589.31,0.4043],[3589.3,0.1],[3589.29,0.0014],[3589.24,0.0029]],"asks":[[3589.67,16.0438],[3589.68,0.0044],[3589.69,0.0044],[3589.73,0.0015],[3589.74,0.0015],[3589.75,0.0015],[3589.76,0.0015],[3589.77,0.0015],[3589.78,0.0035],[3589.8,0.0029],[3589.84,0.0015],[3589.85,0.6347],[3589.86,0.0014],[3589.87,1.0],[3589.89,1.056],[3589.9,0.0542],[3589.92,0.002],[3589.95,0.0461],[3589.98,26.7363],[3589.99,1.2411]]},"raw":{}}
{"exchange":"binance","instance_id":"B","symbol":"ETH-USD","event_ts":1762205089.515,"seq":63537805093,"depth":{"last_seq":63537805093,"bids":[[3589.3,6.8877],[3589.29,0.0029],[3589.27,0.9107],[3589.24,0.0015],[3589.22,0.0036],[3589.2,0.0015],[3589.19,0.0045],[3589.18,0.0183],[3589.14,0.3155],[3589.13,0.003],[3589.1,0.0014],[3589.07,0.0029],[3589.05,0.05],[3588.97,0.003],[3588.96,2.4294],[3588.94,0.1254],[3588.93,0.003],[3588.91,0.0014],[3588.9,0.0529],[3588.87,0.003]],"asks":[[3589.31,37.8764],[3589.48,0.0014],[3589.49,18.3381],[3589.5,0.0274],[3589.51,0.0014],[3589.52,0.0059],[3589.55,0.0014],[3589.56,0.0014],[3589.57,0.0029],[3589.6,0.0014],[3589.61,2.2],[3589.62,19.6502],[3589.63,2.9295],[3589.65,0.0545],[3589.67,2.5077],[3589.68,0.0015],[3589.69,0.0015],[3589.73,0.0015],[3589.74,0.0015],[3589.79,0.314]]},"raw":{}}
{"exchange":"binance","instance_id":"B","symbol":"ETH-USD","event_ts":1762205089.615,"seq":63537805392,"depth":{"last_seq":63537805392,"bids":[[3589.3,5.2942],[3589.29,0.0058],[3589.28,0.0059],[3589.27,0.9122],[3589.24,0.0015],[3589.22,0.0015],[3589.2,0.0015],[3589.19,0.0015],[3589.18,0.0198],[3589.15,0.003],[3589.14,0.003],[3589.13,0.0015],[3589.1,0.0014],[3589.07,0.0029],[3589.05,0.0015],[3588.97,0.7847],[3588.96,0.0035],[3588.94,0.1016],[3588.91,0.0014],[3588.9,0.0529]],"asks":[[3589.31,38.6535],[3589.32,0.0029],[3589.33,0.0029],[3589.38,0.548],[3589.48,42.2464],[3589.49,2.9309],[3589.5,0.0559],[3589.51,0.0015],[3589.52,0.0015],[3589.55,0.0029],[3589.56,0.0015],[3589.57,0.003],[3589.6,0.0029],[3589.61,2.2044],[3589.62,1.6455],[3589.63,2.9294],[3589.65,0.0514],[3589.67,2.2028],[3589.74,0.0029],[3589.78,0.3235]]},"raw":{}}
{"exchange":"binance","instance_id":"B","symbol":"ETH-USD","event_ts":1762205089.715,"seq":63537805602,"depth":{"last_seq":63537805602,"bids":[[3589.3,1.341],[3589.29,0.0058],[3589.28,0.0074],[3589.27,0.9137],[3589.24,0.0015],[3589.22,0.0015],[3589.2,0.0015],[3589.19,0.0015],[3589.18,0.0198],[3589.1,0.0014],[3589.07,0.0029],[3588.98,0.003],[3588.97,0.0015],[3588.96,0.002],[3588.94,0.1031],[3588.91,0.0014],[3588.9,1.0032],[3588.86,1.1469],[3588.85,0.003],[3588.84,25.8217]],"asks":[[3589.31,30.5886],[3589.32,0.0044],[3589.33,0.0044],[3589.38,0.0045],[3589.46,0.5636],[3589.47,13.5043],[3589.48,26.7393],[3589.49,0.0059],[3589.5,0.0559],[3589.51,0.0015],[3589.52,0.0015],[3589.55,0.0029],[3589.57,0.0015],[3589.6,0.0014],[3589.61,0.8044],[3589.62,1.6425],[3589.63,0.0014],[3589.65,0.0514],[3589.67,3.7292],[3589.74,0.0029]]},"raw":{}}
{"exchange":"binance","instance_id":"B","symbol":"ETH-USD","event_ts":1762205089.815,"seq":63537805733,"depth":{"last_seq":63537805733,"bids":[[3589.3,2.0647],[3589.29,0.0058],[3589.28,0.0074],[3589.27,0.9137],[3589.24,0.0015],[3589.22,0.0015],[3589.2,0.0015],[3589.19,0.0015],[3589.18,0.0198],[3589.13,0.0015],[3589.1,0.9517],[3589.07,0.0029],[3588.96,0.002],[3588.94,3.0281],[3588.91,0.0044],[3588.9,1.0047],[3588.87,0.003],[3588.86,1.1454],[3588.85,0.003],[3588.82,0.5838]],"asks":[[3589.31,30.5571],[3589.32,0.0044],[3589.33,0.0044],[3589.38,0.0015],[3589.42,0.314],[3589.45,0.003],[3589.46,0.5725],[3589.47,8.0094],[3589.48,0.0059],[3589.49,0.0029],[3589.5,0.0559],[3589.51,0.0015],[3589.55,0.0014],[3589.57,0.0015],[3589.6,0.0014],[3589.61,0.8044],[3589.62,1.1298],[3589.63,0.0014],[3589.65,0.0514],[3589.67,3.7292]]},"raw":{}}
{"exchange":"binance","instance_id":"B","symbol":"ETH-USD","event_ts":1762205089.915,"seq":63537805807,"depth":{"last_seq":63537805807,"bids":[[3589.3,1.341],[3589.29,0.0029],[3589.28,0.0045],[3589.27,0.9137],[3589.24,0.0015],[3589.22,0.0015],[3589.2,0.0044],[3589.19,0.0015],[3589.18,0.0198],[3589.13,0.0015],[3589.11,0.2879],[3589.1,0.9532],[3589.07,0.0029],[3588.96,0.002],[3588.95,1.5518],[3588.94,3.0281],[3588.91,0.0044],[3588.9,1.0047],[3588.87,0.003],[3588.86,1.1439]],"asks":[[3589.31,30.4646],[3589.32,0.0044],[3589.33,0.0044],[3589.38,0.0015],[3589.41,0.2848],[3589.42,0.3185],[3589.45,0.0015],[3589.46,0.5695],[3589.47,0.0045],[3589.48,0.0029],[3589.49,0.0029],[3589.5,0.0544],[3589.55,0.0014],[3589.57,0.0015],[3589.6,0.0014],[3589.61,0.8044],[3589.62,1.1298],[3589.63,0.0014],[3589.65,0.0514],[3589.67,3.7278]]},"raw":{}}
{"exchange":"binance","instance_id":"B","symbol":"ETH-USD","event_ts":1762205090.015,"seq":63537805900,"depth":{"last_seq":63537805900,"bids":[[3589.3,7.277],[3589.29,0.0058],[3589.28,0.0045],[3589.27,0.9137],[3589.26,0.0015],[3589.24,0.0015],[3589.22,0.0015],[3589.2,0.0015],[3589.19,0.0015],[3589.18,0.0198],[3589.16,0.0029],[3589.13,0.0015],[3589.12,0.003],[3589.11,1.2389],[3589.1,0.0029],[3588.96,0.9545],[3588.95,1.5533],[3588.94,3.0266],[3588.91,0.0014],[3588.9,0.0529]],"asks":[[3589.31,24.246],[3589.32,0.0044],[3589.33,0.0044],[3589.38,0.0015],[3589.4,0.003],[3589.41,0.2923],[3589.42,0.3185],[3589.45,0.0045],[3589.46,0.5681],[3589.47,0.0015],[3589.48,0.0029],[3589.49,0.0014],[3589.5,0.0544],[3589.55,0.0014],[3589.6,0.0044],[3589.61,0.0059],[3589.62,1.1298],[3589.63,0.0014],[3589.65,0.0514],[3589.67,3.7278]]},"raw":{}}
{"exchange":"binance","instance_id":"B","symbol":"ETH-USD","event_ts":1762205090.115,"seq":63537806039,"depth":{"last_seq":63537806039,"bids":[[3589.3,13.6994],[3589.29,0.0058],[3589.28,0.0074],[3589.27,0.9137],[3589.26,0.003],[3589.24,0.0015],[3589.22,0.0015],[3589.2,0.0015],[3589.19,0.0015],[3589.18,0.0183],[3589.13,0.0015],[3589.12,0.288],[3589.11,0.951],[3589.1,0.0014],[3588.96,2.3374],[3588.95,0.0015],[3588.94,3.0266],[3588.91,0.0014],[3588.9,0.0529],[3588.86,0.0036]],"asks":[[3589.31,16.1353],[3589.32,0.0074],[3589.33,0.0044],[3589.38,0.0015],[3589.4,0.0045],[3589.41,0.0075],[3589.42,0.3185],[3589.45,0.0015],[3589.46,0.0045],[3589.47,0.0015],[3589.48,0.0014],[3589.49,0.0014],[3589.5,0.053],[3589.55,0.0014],[3589.6,0.0014],[3589.61,0.0044],[3589.62,1.1328],[3589.63,0.0014],[3589.65,0.0514],[3589.66,0.5514]]},"raw":{}}
{"exchange":"binance","instance_id":"B","symbol":"ETH-USD","event_ts":1762205090.215,"seq":63537806147,"depth":{"last_seq":63537806147,"bids":[[3589.3,16.0869],[3589.29,0.0058],[3589.28,0.0074],[3589.27,0.9137],[3589.26,0.003],[3589.24,0.0015],[3589.22,0.0015],[3589.2,0.0015],[3589.19,0.0015],[3589.18,0.0198],[3589.13,0.0015],[3589.12,0.2865],[3589.11,0.951],[3589.1,0.0014],[3588.97,17.0425],[3588.96,0.953],[3588.94,3.0266],[3588.91,0.0014],[3588.9,0.0529],[3588.86,0.0036]],"asks":[[3589.31,8.0685],[3589.32,0.0059],[3589.33,0.0044],[3589.38,0.0015],[3589.4,0.0015],[3589.41,0.0045],[3589.42,0.3185],[3589.45,0.0015],[3589.46,0.0015],[3589.47,0.0015],[3589.48,0.0014],[3589.49,0.0014],[3589.5,0.053],[3589.55,0.0014],[3589.6,0.0014],[3589.61,0.0044],[3589.62,1.1328],[3589.63,0.0014],[3589.65,0.0588],[3589.66,0.003]]},"raw":{}}
{"exchange":"binance","instance_id":"B","symbol":"ETH-USD","event_ts":1762205090.315,"seq":63537806397,"depth":{"last_seq":63537806397,"bids":[[3589.3,24.6419],[3589.29,0.0058],[3589.28,0.0044],[3589.27,0.003],[3589.26,0.003],[3589.24,0.0015],[3589.22,0.0015],[3589.2,0.0515],[3589.19,5.6315],[3589.18,0.0198],[3589.13,0.0015],[3589.12,1.3481],[3589.11,0.951],[3589.1,0.0014],[3589.08,0.314],[3589.05,0.05],[3588.98,7.2364],[3588.97,19.369],[3588.96,0.002],[3588.94,3.8709]],"asks":[[3589.31,0.1598],[3589.32,0.009],[3589.33,0.0015],[3589.38,0.0015],[3589.4,0.0015],[3589.41,0.0045],[3589.42,0.0045],[3589.45,0.0015],[3589.46,0.0044],[3589.47,0.0015],[3589.48,0.0029],[3589.49,0.0014],[3589.5,0.003],[3589.55,0.0014],[3589.6,0.0014],[3589.61,0.0044],[3589.62,0.003],[3589.63,0.0014],[3589.65,0.0014],[3589.66,0.003]]},"raw":{}}
{"exchange":"binance","instance_id":"B","symbol":"ETH-USD","event_ts":1762205090.415,"seq":63537806600,"depth":{"last_seq":63537806600,"bids":[[3589.3,19.0471],[3589.29,0.0058],[3589.28,0.0044],[3589.27,0.0015],[3589.26,0.003],[3589.24,0.0015],[3589.22,0.0015],[3589.2,3.3096],[3589.19,0.003],[3589.18,0.0198],[3589.13,0.0015],[3589.12,0.0015],[3589.11,0.0015],[3589.1,0.0014],[3589.08,0.314],[3589.05,0.05],[3588.99,0.944],[3588.98,6.2924],[3588.97,17.0425],[3588.96,2.327]],"asks":[[3589.31,0.1413],[3589.32,0.0015],[3589.33,0.0015],[3589.38,0.0015],[3589.4,0.0015],[3589.41,0.0015],[3589.42,0.0015],[3589.45,0.0015],[3589.46,0.0044],[3589.47,0.0015],[3589.48,0.0029],[3589.55,0.0014],[3589.6,0.0014],[3589.62,0.0029],[3589.63,0.0029],[3589.67,0.1014],[3589.74,0.0029],[3589.78,0.314],[3589.79,0.931],[3589.8,0.0028]]},"raw":{}}
{"exchange":"binance","instance_id":"B","symbol":"ETH-USD","event_ts":1762205090.515,"seq":63537806698,"depth":{"last_seq":63537806698,"bids":[[3589.3,16.1221],[3589.29,0.0058],[3589.28,0.0044],[3589.27,0.0015],[3589.26,0.003],[3589.24,0.0015],[3589.22,0.0015],[3589.21,0.9879],[3589.2,0.997],[3589.19,0.0015],[3589.18,0.0198],[3589.13,0.0015],[3589.1,0.0014],[3589.08,0.3155],[3589.05,0.0515],[3588.99,0.9455],[3588.98,6.2924],[3588.97,17.0425],[3588.96,2.327],[3588.94,3.8709]],"asks":[[3589.31,0.1977],[3589.32,0.0015],[3589.33,0.0015],[3589.38,0.0015],[3589.4,0.0015],[3589.41,0.0015],[3589.42,0.0015],[3589.45,0.0015],[3589.46,0.0015],[3589.47,0.0015],[3589.48,0.0029],[3589.55,0.0014],[3589.6,0.0043],[3589.67,0.1058],[3589.74,0.0029],[3589.77,0.003],[3589.78,1.407],[3589.79,0.9296],[3589.8,0.0028],[3589.84,0.0299]]},"raw":{}}
{"exchange":"binance","instance_id":"B","symbol":"ETH-USD","event_ts":1762205090.615,"seq":63537806744,"depth":{"last_seq":63537806744,"bids":[[3589.3,12.3783],[3589.29,0.0058],[3589.28,0.0044],[3589.27,0.0015],[3589.26,0.003],[3589.24,0.0015],[3589.22,0.0015],[3589.21,0.3006],[3589.2,0.997],[3589.19,0.0015],[3589.18,0.0183],[3589.13,0.0015],[3589.1,0.0014],[3589.08,0.3155],[3589.05,0.0515],[3588.99,0.944],[3588.98,6.2924],[3588.97,17.0425],[3588.96,2.327],[3588.94,3.8709]],"asks":[[3589.31,0.1977],[3589.32,0.0015],[3589.33,0.0015],[3589.38,0.0015],[3589.4,0.0015],[3589.41,0.0015],[3589.42,0.0015],[3589.45,0.0015],[3589.46,0.0015],[3589.47,0.0015],[3589.48,0.0029],[3589.55,0.0014],[3589.6,0.0043],[3589.61,0.0029],[3589.67,0.1058],[3589.74,0.0029],[3589.77,1.0414],[3589.78,1.407],[3589.79,0.003],[3589.8,0.0028]]},"raw":{}}
{"exchange":"binance","instance_id":"B","symbol":"ETH-USD","event_ts":1762205090.715,"seq":63537806804,"depth":{"last_seq":63537806804,"bids":[[3589.3,12.3913],[3589.29,0.0058],[3589.28,0.0044],[3589.27,0.0015],[3589.26,0.003],[3589.24,0.0015],[3589.22,0.0045],[3589.21,0.006],[3589.2,0.997],[3589.19,0.0015],[3589.18,0.0183],[3589.13,0.0015],[3589.1,0.0014],[3589.08,0.3155],[3589.05,0.0515],[3588.99,0.944],[3588.98,6.2924],[3588.97,17.0425],[3588.96,2.327],[3588.94,3.8709]],"asks":[[3589.31,5.2867],[3589.32,0.0015],[3589.33,0.0015],[3589.38,0.0015],[3589.4,0.0015],[3589.41,0.0015],[3589.42,0.0044],[3589.45,0.0015],[3589.46,0.0015],[3589.47,0.0015],[3589.48,0.0029],[3589.55,1.1342],[3589.6,0.0014],[3589.67,0.1072],[3589.74,0.0029],[3589.76,0.7612],[3589.77,1.0444],[3589.78,1.3996],[3589.8,0.0028],[3589.84,0.0299]]},"raw":{}}
{"exchange":"binance","instance_id":"B","symbol":"ETH-USD","event_ts":1762205090.815,"seq":63537806873,"depth":{"last_seq":63537806873,"bids":[[3589.3,11.5994],[3589.29,0.0058],[3589.28,0.0044],[3589.27,0.0015],[3589.26,0.003],[3589.24,0.0015],[3589.22,0.0015],[3589.21,0.3021],[3589.2,0.997],[3589.19,0.0015],[3589.18,0.0183],[3589.13,0.0015],[3589.1,0.0014],[3589.09,0.003],[3589.08,0.3155],[3589.05,0.0515],[3589.0,0.003],[3588.99,0.9455],[3588.98,6.2924],[3588.97,17.0425]],"asks":[[3589.31,6.0589],[3589.32,0.0044],[3589.33,0.0044],[3589.38,0.0015],[3589.4,0.0015],[3589.41,0.0015],[3589.42,0.0015],[3589.45,0.0015],[3589.46,0.0015],[3589.47,0.0015],[3589.48,0.0029],[3589.54,0.003],[3589.55,1.1372],[3589.6,0.0014],[3589.67,0.1086],[3589.74,0.0029],[3589.75,0.9942],[3589.76,0.7642],[3589.77,1.0444],[3589.78,0.317]]},"raw":{}}
{"exchange":"binance","instance_id":"B","symbol":"ETH-USD","event_ts":1762205090.915,"seq":63537807033,"depth":{"last_seq":63537807033,"bids":[[3589.3,4.2725],[3589.29,0.0058],[3589.28,0.0044],[3589.27,0.0015],[3589.26,0.003],[3589.24,0.0015],[3589.22,0.0045],[3589.21,0.006],[3589.2,0.003],[3589.19,0.0015],[3589.18,0.0183],[3589.13,0.0015],[3589.1,0.0014],[3589.09,0.003],[3589.08,0.3155],[3589.05,0.0515],[3589.0,0.003],[3588.99,0.9455],[3588.98,6.2924],[3588.96,0.002]],"asks":[[3589.31,18.5083],[3589.32,0.0375],[3589.33,0.0044],[3589.38,0.0015],[3589.4,0.0015],[3589.41,0.0015],[3589.42,0.0015],[3589.45,0.0015],[3589.46,0.0015],[3589.47,0.0015],[3589.48,0.0029],[3589.53,0.5483],[3589.54,1.4251],[3589.55,1.1372],[3589.6,0.0014],[3589.65,0.05],[3589.67,3.0336],[3589.7,0.6],[3589.74,0.9615],[3589.75,0.9942]]},"raw":{}}
{"exchange":"binance","instance_id":"B","symbol":"ETH-USD","event_ts":1762205091.015,"seq":63537807172,"depth":{"last_seq":63537807172,"bids":[[3589.3,3.7275],[3589.29,0.0058],[3589.28,0.0044],[3589.27,0.0015],[3589.26,0.003],[3589.24,0.0015],[3589.22,0.0015],[3589.21,0.0015],[3589.2,0.0015],[3589.19,0.0015],[3589.18,0.0183],[3589.13,0.0015],[3589.1,0.9454],[3589.09,0.003],[3589.08,0.0015],[3589.05,0.0015],[3589.0,0.5855],[3588.99,0.9485],[3588.96,0.002],[3588.95,0.003]],"asks":[[3589.31,18.5127],[3589.32,0.0419],[3589.33,0.0044],[3589.38,0.0015],[3589.4,0.0015],[3589.41,0.0015],[3589.42,0.0015],[3589.45,0.0015],[3589.46,0.0015],[3589.47,0.0015],[3589.48,0.0029],[3589.5,0.05],[3589.52,1.0384],[3589.53,1.3175],[3589.54,1.0886],[3589.55,0.0044],[3589.6,0.0014],[3589.65,0.053],[3589.66,1.0855],[3589.67,3.0292]]},"raw":{}}
{"exchange":"binance","instance_id":"B","symbol":"ETH-USD","event_ts":1762205091.115,"seq":63537807286,"depth":{"last_seq":63537807286,"bids":[[3589.3,1.2935],[3589.29,0.0073],[3589.28,0.0044],[3589.27,0.0015],[3589.26,0.003],[3589.24,0.0015],[3589.22,0.0015],[3589.21,0.0015],[3589.2,0.0015],[3589.19,0.0015],[3589.18,0.0183],[3589.13,0.0015],[3589.11,0.287],[3589.1,0.0029],[3589.08,0.0029],[3589.07,0.0029],[3589.01,0.003],[3589.0,0.587],[3588.99,0.944],[3588.96,0.002]],"asks":[[3589.31,20.7655],[3589.32,0.0433],[3589.33,0.0044],[3589.38,0.0015],[3589.4,0.0015],[3589.41,0.0015],[3589.42,0.0015],[3589.44,5.63],[3589.45,0.0015],[3589.46,5.6315],[3589.47,0.0015],[3589.48,0.0029],[3589.5,0.0544],[3589.51,1.0295],[3589.52,1.0414],[3589.53,0.5527],[3589.54,1.09],[3589.55,0.0014],[3589.6,0.0014],[3589.65,0.05]]},"raw":{}}
{"exchange":"binance","instance_id":"B","symbol":"ETH-USD","event_ts":1762205091.215,"seq":63537807386,"depth":{"last_seq":63537807386,"bids":[[3589.3,1.567],[3589.29,0.0088],[3589.28,0.0044],[3589.27,0.0015],[3589.26,0.003],[3589.24,0.0015],[3589.22,0.0015],[3589.21,0.0015],[3589.2,0.0015],[3589.19,0.0015],[3589.18,0.0183],[3589.13,0.0015],[3589.12,0.003],[3589.11,0.0044],[3589.1,0.9454],[3589.01,0.003],[3589.0,0.587],[3588.99,0.944],[3588.96,0.005],[3588.95,0.317]],"asks":[[3589.31,18.9532],[3589.32,0.0447],[3589.33,0.0044],[3589.38,0.0015],[3589.4,0.0015],[3589.41,0.0015],[3589.43,5.1252],[3589.44,5.6344],[3589.45,0.0015],[3589.46,5.6345],[3589.48,0.0029],[3589.5,0.0558],[3589.51,0.003],[3589.53,0.5483],[3589.54,0.0014],[3589.55,0.0014],[3589.6,0.0014],[3589.65,0.0514],[3589.66,1.0855],[3589.67,3.0278]]},"raw":{}}
{"exchange":"binance","instance_id":"B","symbol":"ETH-USD","event_ts":1762205091.315,"seq":63537807459,"depth":{"last_seq":63537807459,"bids":[[3589.3,1.5655],[3589.29,0.0073],[3589.28,0.0044],[3589.27,0.0015],[3589.26,0.003],[3589.24,0.0015],[3589.22,0.0015],[3589.21,0.0015],[3589.2,0.0015],[3589.19,0.0015],[3589.18,0.0183],[3589.13,0.0044],[3589.11,0.2852],[3589.1,0.9469],[3589.01,0.003],[3589.0,0.587],[3588.99,0.9455],[3588.96,0.005],[3588.95,0.317],[3588.94,0.9459]],"asks":[[3589.31,18.9532],[3589.32,0.0461],[3589.33,0.0044],[3589.38,0.0015],[3589.4,0.0015],[3589.41,0.0015],[3589.42,0.003],[3589.43,5.1327],[3589.44,5.6359],[3589.45,0.0015],[3589.46,5.633],[3589.48,0.0029],[3589.5,0.053],[3589.53,0.5483],[3589.54,0.0014],[3589.55,0.0014],[3589.6,0.0014],[3589.65,0.0514],[3589.66,1.0855],[3589.67,3.0292]]},"raw":{}}
{"exchange":"binance","instance_id":"B","symbol":"ETH-USD","event_ts":1762205091.415,"seq":63537807479,"depth":{"last_seq":63537807479,"bids":[[3589.3,1.5655],[3589.29,0.0073],[3589.28,0.0044],[3589.27,0.0015],[3589.26,0.003],[3589.24,0.0015],[3589.22,0.0015],[3589.21,0.0015],[3589.2,0.0015],[3589.19,0.0015],[3589.18,0.0183],[3589.13,0.0044],[3589.12,0.0059],[3589.11,0.2867],[3589.1,0.9469],[3589.01,0.003],[3589.0,0.587],[3588.99,0.9455],[3588.96,0.005],[3588.95,0.314]],"asks":[[3589.31,18.9532],[3589.32,0.0461],[3589.33,0.0044],[3589.38,0.0015],[3589.4,0.0015],[3589.41,0.0015],[3589.42,0.003],[3589.43,5.4149],[3589.44,5.6359],[3589.45,0.0015],[3589.46,5.633],[3589.48,0.0029],[3589.5,0.053],[3589.53,0.5483],[3589.54,0.0014],[3589.55,0.0014],[3589.6,0.0014],[3589.65,0.0514],[3589.66,1.0855],[3589.67,3.0292]]},"raw":{}}
{"exchange":"binance","instance_id":"B","symbol":"ETH-USD","event_ts":1762205091.515,"seq":63537807496,"depth":{"last_seq":63537807496,"bids":[[3589.3,1.6871],[3589.29,0.0073],[3589.28,0.0044],[3589.27,0.0015],[3589.26,0.003],[3589.24,0.0015],[3589.22,0.0015],[3589.21,0.0015],[3589.2,0.0015],[3589.19,0.0015],[3589.18,0.0183],[3589.14,0.0029],[3589.13,0.0044],[3589.12,0.003],[3589.11,0.2867],[3589.1,0.9469],[3589.01,0.003],[3589.0,0.587],[3588.99,0.9455],[3588.96,0.005]],"asks":[[3589.31,18.9532],[3589.32,0.0461],[3589.33,0.0044],[3589.38,0.0015],[3589.4,0.0015],[3589.41,0.0015],[3589.42,0.003],[3589.43,5.1327],[3589.44,5.6359],[3589.45,0.0045],[3589.46,5.633],[3589.48,0.0029],[3589.5,0.053],[3589.53,0.5483],[3589.54,0.0014],[3589.55,0.0014],[3589.6,0.0014],[3589.65,0.0514],[3589.66,1.0855],[3589.67,3.0292]]},"raw":{}}
{"exchange":"binance","instance_id":"B","symbol":"ETH-USD","event_ts":1762205091.615,"seq":63537807510,"depth":{"last_seq":63537807510,"bids":[[3589.3,1.6871],[3589.29,0.0073],[3589.28,0.0044],[3589.27,0.0015],[3589.26,0.003],[3589.24,0.0015],[3589.22,0.0015],[3589.21,0.0015],[3589.2,0.0015],[3589.19,0.0015],[3589.18,0.0183],[3589.14,0.0029],[3589.13,0.0044],[3589.12,0.003],[3589.11,0.2867],[3589.1,0.9469],[3589.01,0.003],[3589.0,0.587],[3588.99,0.944],[3588.96,0.005]],"asks":[[3589.31,18.9511],[3589.32,0.0461],[3589.33,0.0044],[3589.38,0.0015],[3589.4,0.0015],[3589.41,0.0015],[3589.42,0.003],[3589.43,5.1327],[3589.44,5.6359],[3589.45,0.0045],[3589.46,5.947],[3589.48,0.0029],[3589.5,0.053],[3589.53,0.5483],[3589.54,0.0014],[3589.55,0.0014],[3589.6,0.0014],[3589.65,0.0514],[3589.66,1.0855],[3589.67,3.0292]]},"raw":{}}
{"exchange":"binance","instance_id":"B","symbol":"ETH-USD","event_ts":1762205091.715,"seq":63537807523,"depth":{"last_seq":63537807523,"bids":[[3589.3,1.6871],[3589.29,0.0073],[3589.28,0.0044],[3589.27,0.0015],[3589.26,0.003],[3589.24,0.0015],[3589.22,0.0015],[3589.21,0.0015],[3589.2,0.0015],[3589.19,0.0015],[3589.18,0.0183],[3589.14,0.0029],[3589.13,0.0044],[3589.12,0.003],[3589.11,0.2867],[3589.1,0.9469],[3589.01,0.003],[3589.0,0.587],[3588.99,0.944],[3588.96,0.005]],"asks":[[3589.31,18.9511],[3589.32,0.0461],[3589.33,0.0044],[3589.38,0.0015],[3589.4,0.0015],[3589.41,0.0015],[3589.42,0.003],[3589.43,5.1327],[3589.44,5.6359],[3589.45,0.0045],[3589.46,5.947],[3589.48,0.0029],[3589.5,0.053],[3589.53,0.5483],[3589.54,0.0014],[3589.55,0.0014],[3589.6,0.0014],[3589.65,0.0514],[3589.66,1.0855],[3589.67,3.0278]]},"raw":{}}
{"exchange":"binance","instance_id":"B","symbol":"ETH-USD","event_ts":1762205091.815,"seq":63537807547,"depth":{"last_seq":63537807547,"bids":[[3589.3,2.2347],[3589.29,0.0044],[3589.28,0.0015],[3589.27,0.0015],[3589.26,0.003],[3589.24,0.0015],[3589.22,0.0015],[3589.21,0.0015],[3589.2,0.0015],[3589.19,0.0015],[3589.18,0.0322],[3589.14,0.0029],[3589.13,0.0044],[3589.12,0.003],[3589.11,0.2867],[3589.1,0.9469],[3589.05,0.0557],[3589.01,0.003],[3589.0,0.587],[3588.99,0.944]],"asks":[[3589.31,12.5701],[3589.32,0.0461],[3589.33,0.0044],[3589.38,0.0015],[3589.4,0.0015],[3589.41,0.0015],[3589.42,0.003],[3589.43,0.9515],[3589.44,0.0059],[3589.45,0.0045],[3589.46,0.317],[3589.48,0.0029],[3589.5,0.053],[3589.53,0.5483],[3589.54,0.0014],[3589.55,0.0014],[3589.56,0.0557],[3589.6,0.0014],[3589.65,0.0514],[3589.67,3.0278]]},"raw":{}}
{"exchange":"binance","instance_id":"B","symbol":"ETH-USD","event_ts":1762205091.915,"seq":63537807690,"depth":{"last_seq":63537807690,"bids":[[3589.3,14.7491],[3589.29,0.0058],[3589.28,0.0044],[3589.27,0.0015],[3589.26,0.003],[3589.24,0.0015],[3589.22,0.0015],[3589.21,0.0015],[3589.2,0.0015],[3589.19,0.0015],[3589.18,0.0322],[3589.13,0.0154],[3589.11,0.2837],[3589.1,0.9469],[3589.05,0.1072],[3589.02,0.0418],[3589.0,1.6447],[3588.99,0.944],[3588.96,0.002],[3588.95,18.7031]],"asks":[[3589.31,3.7487],[3589.32,0.0447],[3589.33,0.0044],[3589.38,0.0015],[3589.4,0.0015],[3589.41,0.0015],[3589.42,0.003],[3589.43,0.0045],[3589.44,0.0029],[3589.45,0.0045],[3589.46,0.317],[3589.48,0.0029],[3589.5,0.053],[3589.52,0.003],[3589.53,0.0044],[3589.54,0.0014],[3589.55,0.0014],[3589.56,0.0557],[3589.59,0.0418],[3589.6,0.0014]]},"raw":{}}
{"exchange":"binance","instance_id":"B","symbol":"ETH-USD","event_ts":1762205092.015,"seq":63537807844,"depth":{"last_seq":63537807844,"bids":[[3589.3,18.6533],[3589.29,0.0058],[3589.28,0.0044],[3589.27,0.0015],[3589.26,0.003],[3589.24,0.0015],[3589.22,1.3481],[3589.21,0.0015],[3589.2,0.0515],[3589.19,0.0015],[3589.18,0.0322],[3589.13,0.0169],[3589.11,0.2837],[3589.1,0.9469],[3589.05,0.1072],[3589.02,0.0418],[3589.0,6.9958],[3588.99,0.944],[3588.96,0.002],[3588.95,18.7031]],"asks":[[3589.31,2.8565],[3589.32,0.0088],[3589.33,0.0044],[3589.38,0.0015],[3589.4,0.0015],[3589.41,0.0015],[3589.43,0.0015],[3589.44,0.0029],[3589.45,0.0045],[3589.46,0.317],[3589.48,0.0029],[3589.5,0.003],[3589.53,0.0014],[3589.54,0.0014],[3589.55,0.0014],[3589.56,0.0601],[3589.59,0.0418],[3589.6,0.0014],[3589.65,0.0014],[3589.66,0.0726]]},"raw":{}}
{"exchange":"binance","instance_id":"B","symbol":"ETH-USD","event_ts":1762205092.115,"seq":63537807929,"depth":{"last_seq":63537807929,"bids":[[3589.3,18.6885],[3589.29,0.0058],[3589.28,0.0044],[3589.27,0.0015],[3589.26,0.003],[3589.24,0.0015],[3589.23,0.4182],[3589.22,1.3496],[3589.21,0.0015],[3589.2,5.683],[3589.19,0.0015],[3589.18,0.0322],[3589.13,0.0169],[3589.11,0.2837],[3589.1,0.9454],[3589.05,0.1057],[3589.02,0.0418],[3589.0,6.9958],[3588.99,0.944],[3588.96,0.002]],"asks":[[3589.31,2.8581],[3589.32,0.0044],[3589.33,0.0044],[3589.38,0.0015],[3589.4,0.0015],[3589.41,0.0015],[3589.43,0.0015],[3589.44,0.0029],[3589.45,0.0045],[3589.46,0.317],[3589.48,0.0029],[3589.53,0.0014],[3589.55,0.0014],[3589.56,0.0601],[3589.59,0.0448],[3589.6,0.0014],[3589.65,0.0014],[3589.66,0.0696],[3589.67,0.1014],[3589.7,0.0014]]},"raw":{}}
{"exchange":"binance","instance_id":"B","symbol":"ETH-USD","event_ts":1762205092.215,"seq":63537808003,"depth":{"last_seq":63537808003,"bids":[[3589.3,18.69],[3589.29,0.0058],[3589.28,0.0044],[3589.27,0.0015],[3589.26,0.003],[3589.23,2.0492],[3589.22,0.003],[3589.21,19.7174],[3589.2,0.053],[3589.18,0.0322],[3589.13,0.0169],[3589.11,0.2822],[3589.1,0.9454],[3589.05,0.1057],[3589.02,0.0418],[3589.01,0.944],[3589.0,6.9958],[3588.96,0.002],[3588.95,17.3565],[3588.94,3.8709]],"asks":[[3589.31,2.8581],[3589.32,0.0044],[3589.33,0.0044],[3589.38,0.0015],[3589.4,0.0015],[3589.41,0.0015],[3589.43,0.0015],[3589.44,0.0029],[3589.45,0.0045],[3589.46,0.317],[3589.48,0.0029],[3589.53,0.0014],[3589.55,0.0014],[3589.56,0.0601],[3589.59,0.0448],[3589.6,0.0014],[3589.65,0.0014],[3589.66,0.0726],[3589.67,0.1014],[3589.7,0.0014]]},"raw":{}}
{"exchange":"binance","instance_id":"B","symbol":"ETH-USD","event_ts":1762205092.315,"seq":63537808105,"depth":{"last_seq":63537808105,"bids":[[3589.3,11.6798],[3589.29,0.0103],[3589.28,0.0044],[3589.27,0.0015],[3589.26,0.0015],[3589.24,0.003],[3589.23,5.6438],[3589.22,0.0045],[3589.21,0.003],[3589.2,0.0515],[3589.18,0.0322],[3589.13,0.0169],[3589.11,0.2852],[3589.1,0.0014],[3589.05,0.1057],[3589.02,0.0418],[3589.01,0.003],[3589.0,6.9958],[3588.96,0.0035],[3588.95,17.3565]],"asks":[[3589.31,13.5312],[3589.32,0.0044],[3589.33,0.0044],[3589.38,0.0015],[3589.4,0.0015],[3589.41,0.0015],[3589.43,0.0015],[3589.44,0.0029],[3589.45,0.0045],[3589.46,0.317],[3589.48,0.0029],[3589.53,1.0398],[3589.55,0.0014],[3589.56,0.0601],[3589.59,0.0448],[3589.6,0.0014],[3589.65,0.0014],[3589.66,0.0726],[3589.67,3.0278],[3589.7,0.0014]]},"raw":{}}
{"exchange":"binance","instance_id":"B","symbol":"ETH-USD","event_ts":1762205092.415,"seq":63537808234,"depth":{"last_seq":63537808234,"bids":[[3589.3,1.0131],[3589.29,0.0104],[3589.28,0.0015],[3589.27,0.0044],[3589.26,0.0015],[3589.24,0.003],[3589.23,0.0015],[3589.22,0.0015],[3589.21,0.0015],[3589.2,0.0015],[3589.18,0.0322],[3589.13,0.0169],[3589.1,0.0014],[3589.05,0.1057],[3589.02,0.0418],[3589.01,0.003],[3588.96,0.005],[3588.95,0.317],[3588.94,0.9459],[3588.91,0.0014]],"asks":[[3589.31,19.0931],[3589.32,0.0044],[3589.33,0.0044],[3589.38,0.0015],[3589.4,0.0015],[3589.41,0.0015],[3589.43,0.0015],[3589.44,0.0029],[3589.45,0.4287],[3589.46,0.3184],[3589.48,0.0029],[3589.53,1.0428],[3589.55,0.0014],[3589.56,0.0601],[3589.59,0.0448],[3589.6,0.0014],[3589.65,0.0514],[3589.66,1.2736],[3589.67,3.0278],[3589.7,0.0014]]},"raw":{}}
{"exchange":"binance","instance_id":"B","symbol":"ETH-USD","event_ts":1762205092.515,"seq":63537808317,"depth":{"last_seq":63537808317,"bids":[[3589.3,1.0086],[3589.29,0.0074],[3589.28,0.0015],[3589.27,0.0015],[3589.26,0.0015],[3589.23,0.0015],[3589.22,0.0015],[3589.21,0.0015],[3589.18,0.0322],[3589.13,0.0169],[3589.1,0.0014],[3589.08,0.0029],[3589.05,0.0572],[3589.02,0.0418],[3589.01,0.944],[3588.96,0.005],[3588.95,0.785],[3588.94,0.9459],[3588.91,0.0014],[3588.9,0.0059]],"asks":[[3589.31,19.0975],[3589.32,0.0044],[3589.33,0.0044],[3589.35,0.05],[3589.38,0.0015],[3589.4,0.0015],[3589.41,0.0015],[3589.43,0.0015],[3589.44,0.0029],[3589.45,0.4287],[3589.46,0.3184],[3589.48,0.0029],[3589.5,0.05],[3589.53,1.0428],[3589.55,0.0014],[3589.56,0.0601],[3589.59,0.0447],[3589.6,0.0014],[3589.65,0.0514],[3589.66,1.2706]]},"raw":{}}
{"exchange":"binance","instance_id":"B","symbol":"ETH-USD","event_ts":1762205092.615,"seq":63537808372,"depth":{"last_seq":63537808372,"bids":[[3589.3,2.2816],[3589.29,0.0088],[3589.28,0.0044],[3589.27,0.0015],[3589.26,0.0015],[3589.23,0.0015],[3589.22,0.0015],[3589.18,0.0322],[3589.13,0.0169],[3589.1,0.9274],[3589.05,0.0572],[3589.02,0.8762],[3589.01,0.944],[3588.96,0.005],[3588.95,0.317],[3588.94,0.9459],[3588.91,0.0014],[3588.9,0.0059],[3588.89,0.5624],[3588.86,0.0036]],"asks":[[3589.31,19.099],[3589.32,0.0044],[3589.33,0.0044],[3589.34,0.5655],[3589.35,0.053],[3589.38,0.0015],[3589.4,0.0015],[3589.41,0.0015],[3589.43,0.0015],[3589.44,0.0059],[3589.45,0.4317],[3589.46,0.3154],[3589.48,0.0029],[3589.5,0.05],[3589.53,1.0428],[3589.55,0.0014],[3589.56,0.0571],[3589.59,0.0432],[3589.6,0.0014],[3589.65,0.0514]]},"raw":{}}
{"exchange":"binance","instance_id":"B","symbol":"ETH-USD","event_ts":1762205092.715,"seq":63537808407,"depth":{"last_seq":63537808407,"bids":[[3589.3,2.2816],[3589.29,0.0088],[3589.28,0.0044],[3589.27,0.0015],[3589.26,0.0015],[3589.18,0.0322],[3589.13,0.0154],[3589.11,0.5584],[3589.1,0.9274],[3589.05,0.0572],[3589.03,0.003],[3589.02,0.8762],[3589.01,0.944],[3588.96,0.005],[3588.95,0.317],[3588.94,0.9459],[3588.91,0.0014],[3588.9,0.0029],[3588.89,0.5624],[3588.86,0.0036]],"asks":[[3589.31,19.1034],[3589.32,0.0044],[3589.33,0.0074],[3589.34,0.567],[3589.35,0.053],[3589.36,0.0015],[3589.38,0.0015],[3589.4,0.0015],[3589.41,0.0015],[3589.43,0.0015],[3589.44,0.0059],[3589.45,0.4302],[3589.46,0.3154],[3589.48,0.0029],[3589.5,0.05],[3589.53,1.0398],[3589.55,0.0014],[3589.56,0.0571],[3589.59,0.0432],[3589.6,0.0014]]},"raw":{}}
{"exchange":"binance","instance_id":"B","symbol":"ETH-USD","event_ts":1762205092.815,"seq":63537808429,"depth":{"last_seq":63537808429,"bids":[[3589.3,2.2816],[3589.29,0.0088],[3589.28,0.0044],[3589.27,0.0015],[3589.26,0.0015],[3589.18,0.0322],[3589.13,0.0154],[3589.12,0.003],[3589.11,0.5584],[3589.1,0.9274],[3589.05,0.0572],[3589.03,0.003],[3589.02,0.8762],[3589.01,0.944],[3588.96,0.005],[3588.95,0.314],[3588.94,0.9459],[3588.91,0.0014],[3588.9,0.0029],[3588.89,0.5624]],"asks":[[3589.31,16.1843],[3589.32,0.0044],[3589.33,0.0074],[3589.34,0.0015],[3589.35,0.053],[3589.36,0.003],[3589.38,0.0015],[3589.4,0.0015],[3589.41,0.0015],[3589.43,0.0015],[3589.44,0.0044],[3589.45,0.4302],[3589.46,0.3154],[3589.48,0.0029],[3589.5,0.05],[3589.53,1.0398],[3589.55,0.0014],[3589.56,0.0571],[3589.59,0.0432],[3589.6,0.0014]]},"raw":{}}
{"exchange":"binance","instance_id":"B","symbol":"ETH-USD","event_ts":1762205092.915,"seq":63537808450,"depth":{"last_seq":63537808450,"bids":[[3589.3,2.417],[3589.29,0.0088],[3589.28,0.0044],[3589.27,0.0015],[3589.26,0.0015],[3589.18,0.0322],[3589.13,0.0154],[3589.12,0.003],[3589.11,0.5584],[3589.1,0.9274],[3589.05,0.0572],[3589.03,0.003],[3589.02,0.8762],[3589.01,0.944],[3588.96,0.005],[3588.95,0.314],[3588.94,0.9459],[3588.91,0.0014],[3588.9,0.0029],[3588.89,0.5624]],"asks":[[3589.31,16.1877],[3589.32,0.0044],[3589.33,0.0044],[3589.34,0.0015],[3589.35,0.053],[3589.36,0.003],[3589.38,0.0015],[3589.4,0.0015],[3589.41,0.0015],[3589.43,0.0015],[3589.44,0.0044],[3589.45,0.4302],[3589.46,0.3154],[3589.48,0.0029],[3589.5,0.05],[3589.53,1.0398],[3589.55,0.0014],[3589.56,0.0571],[3589.59,0.0432],[3589.6,0.0014]]},"raw":{}}
{"exchange":"binance","instance_id":"B","symbol":"ETH-USD","event_ts":1762205093.015,"seq":63537808474,"depth":{"last_seq":63537808474,"bids":[[3589.3,2.2816],[3589.29,0.0088],[3589.28,0.0044],[3589.27,0.0015],[3589.26,0.0015],[3589.18,0.0322],[3589.13,0.0154],[3589.12,0.3121],[3589.11,0.003],[3589.1,0.9274],[3589.05,0.0572],[3589.03,0.003],[3589.02,0.8762],[3589.01,0.944],[3588.96,0.005],[3588.95,0.314],[3588.94,0.9459],[3588.91,0.0014],[3588.9,0.0029],[3588.89,0.5624]],"asks":[[3589.31,19.1015],[3589.32,0.0044],[3589.33,0.0044],[3589.34,0.0015],[3589.35,0.053],[3589.36,0.003],[3589.38,0.0015],[3589.4,0.0015],[3589.41,0.0015],[3589.43,0.0015],[3589.44,0.0014],[3589.45,0.4272],[3589.46,0.3154],[3589.48,0.0029],[3589.5,0.05],[3589.53,1.0398],[3589.55,0.0014],[3589.56,0.0571],[3589.59,0.0432],[3589.6,0.0014]]},"raw":{}}
{"exchange":"binance","instance_id":"B","symbol":"ETH-USD","event_ts":1762205093.115,"seq":63537808493,"depth":{"last_seq":63537808493,"bids":[[3589.3,1.8244],[3589.29,0.0088],[3589.28,0.0044],[3589.27,0.0015],[3589.26,0.0015],[3589.18,0.0322],[3589.13,0.0184],[3589.12,0.3091],[3589.11,0.003],[3589.1,0.0014],[3589.05,0.0572],[3589.03,0.003],[3589.02,0.8762],[3589.01,0.944],[3588.96,0.005],[3588.95,0.314],[3588.94,0.9459],[3588.91,0.0014],[3588.9,0.0029],[3588.89,0.5624]],"asks":[[3589.31,19.5226],[3589.32,0.0044],[3589.33,0.0044],[3589.34,0.0015],[3589.35,0.053],[3589.36,0.003],[3589.38,0.0015],[3589.4,5.6315],[3589.41,0.0015],[3589.42,5.63],[3589.43,0.0015],[3589.44,0.0014],[3589.45,0.4272],[3589.46,0.3154],[3589.48,0.0029],[3589.5,0.05],[3589.53,1.0398],[3589.55,0.0014],[3589.56,0.0571],[3589.59,0.0432]]},"raw":{}}
{"exchange":"binance","instance_id":"B","symbol":"ETH-USD","event_ts":1762205093.215,"seq":63537808525,"depth":{"last_seq":63537808525,"bids":[[3589.3,1.8244],[3589.29,0.0088],[3589.28,0.0044],[3589.27,0.0015],[3589.26,0.0015],[3589.18,0.0322],[3589.13,0.0184],[3589.1,0.0014],[3589.05,0.0572],[3589.03,0.003],[3589.02,0.8762],[3589.01,0.944],[3588.96,0.005],[3588.95,0.3155],[3588.94,0.9459],[3588.91,0.0014],[3588.9,0.0029],[3588.89,0.5624],[3588.86,0.0036],[3588.82,0.0168]],"asks":[[3589.31,19.5226],[3589.32,0.0044],[3589.33,0.0044],[3589.34,0.0015],[3589.35,0.053],[3589.36,0.003],[3589.38,0.0015],[3589.4,5.633],[3589.41,0.0015],[3589.42,5.6315],[3589.44,0.0014],[3589.45,0.4272],[3589.46,0.3154],[3589.48,0.0029],[3589.5,0.05],[3589.53,0.0014],[3589.55,0.0014],[3589.56,0.0571],[3589.59,0.0432],[3589.6,0.0014]]},"raw":{}}
{"exchange":"binance","instance_id":"B","symbol":"ETH-USD","event_ts":1762205093.315,"seq":63537808556,"depth":{"last_seq":63537808556,"bids":[[3589.3,1.8244],[3589.29,0.0088],[3589.28,0.0044],[3589.27,0.0015],[3589.26,0.0015],[3589.18,0.0322],[3589.13,0.0154],[3589.1,0.9454],[3589.05,0.0572],[3589.03,0.003],[3589.02,0.8762],[3589.01,0.944],[3588.96,0.005],[3588.95,0.317],[3588.94,3.8709],[3588.91,0.0014],[3588.9,0.0044],[3588.89,0.5624],[3588.86,0.0036],[3588.82,0.0168]],"asks":[[3589.31,16.5976],[3589.32,0.0044],[3589.33,0.0044],[3589.34,0.0015],[3589.35,0.0544],[3589.36,0.003],[3589.38,0.0015],[3589.39,1.0414],[3589.4,5.6344],[3589.41,0.0045],[3589.42,5.6315],[3589.44,0.0014],[3589.45,0.003],[3589.46,0.314],[3589.48,0.0029],[3589.5,0.05],[3589.53,0.0014],[3589.55,0.0014],[3589.56,0.0571],[3589.59,0.0432]]},"raw":{}}
{"exchange":"binance","instance_id":"B","symbol":"ETH-USD","event_ts":1762205093.415,"seq":63537808603,"depth":{"last_seq":63537808603,"bids":[[3589.3,1.8064],[3589.29,0.0059],[3589.28,0.0015],[3589.27,0.0015],[3589.26,0.0015],[3589.18,0.0322],[3589.17,0.0029],[3589.13,0.0154],[3589.11,0.3165],[3589.1,0.9454],[3589.05,0.0572],[3589.03,0.003],[3589.02,1.6426],[3589.01,0.944],[3588.96,0.005],[3588.95,0.317],[3588.94,3.8709],[3588.91,0.0014],[3588.9,0.0029],[3588.89,0.5624]],"asks":[[3589.31,16.5977],[3589.32,0.0044],[3589.33,0.0044],[3589.34,6.9678],[3589.35,0.6251],[3589.36,0.003],[3589.38,0.0015],[3589.39,4.5373],[3589.4,0.0044],[3589.41,0.0015],[3589.44,0.0014],[3589.46,0.3154],[3589.48,0.0029],[3589.5,0.05],[3589.51,6.966],[3589.53,0.0014],[3589.55,0.0014],[3589.56,0.0571],[3589.59,0.0432],[3589.6,0.0014]]},"raw":{}}
{"exchange":"binance","instance_id":"B","symbol":"ETH-USD","event_ts":1762205093.515,"seq":63537808655,"depth":{"last_seq":63537808655,"bids":[[3589.3,1.8109],[3589.29,0.0118],[3589.28,0.0015],[3589.27,0.0015],[3589.26,0.0015],[3589.18,0.0322],[3589.13,0.0154],[3589.12,0.003],[3589.11,0.3165],[3589.1,0.0014],[3589.05,0.0572],[3589.03,0.947],[3589.02,1.6426],[3588.96,0.005],[3588.95,0.314],[3588.94,3.8709],[3588.91,0.0014],[3588.9,0.0029],[3588.89,0.5624],[3588.86,0.0036]],"asks":[[3589.31,16.5991],[3589.32,0.0044],[3589.33,0.9484],[3589.34,6.9693],[3589.35,0.6237],[3589.36,0.003],[3589.38,0.0015],[3589.39,2.2108],[3589.4,0.003],[3589.41,0.0015],[3589.44,0.0014],[3589.46,0.3154],[3589.48,0.0029],[3589.5,0.0514],[3589.51,6.966],[3589.53,0.0014],[3589.55,0.0014],[3589.56,0.0571],[3589.59,0.0432],[3589.6,0.0014]]},"raw":{}}
{"exchange":"binance","instance_id":"B","symbol":"ETH-USD","event_ts":1762205093.615,"seq":63537808698,"depth":{"last_seq":63537808698,"bids":[[3589.3,1.9397],[3589.29,0.0103],[3589.28,0.0015],[3589.27,0.0015],[3589.26,0.0015],[3589.18,0.0322],[3589.13,0.0169],[3589.12,0.003],[3589.1,0.9454],[3589.05,0.0557],[3589.04,0.5278],[3589.03,0.947],[3589.02,1.6396],[3588.96,0.005],[3588.95,0.3155],[3588.94,3.8709],[3588.91,0.0014],[3588.9,0.0029],[3588.89,0.5624],[3588.86,0.0036]],"asks":[[3589.31,16.5991],[3589.32,0.0074],[3589.33,0.0074],[3589.34,6.9723],[3589.35,0.0559],[3589.36,0.003],[3589.38,0.0045],[3589.39,2.2108],[3589.4,0.003],[3589.41,0.0015],[3589.44,0.0014],[3589.46,0.3154],[3589.48,0.0029],[3589.5,0.0514],[3589.51,6.966],[3589.53,0.0014],[3589.55,0.0014],[3589.56,0.0571],[3589.59,0.0432],[3589.6,0.0014]]},"raw":{}}
{"exchange":"binance","instance_id":"B","symbol":"ETH-USD","event_ts":1762205093.715,"seq":63537808741,"depth":{"last_seq":63537808741,"bids":[[3589.3,1.9382],[3589.29,0.0103],[3589.28,0.0044],[3589.27,0.0015],[3589.26,0.0015],[3589.18,0.0322],[3589.13,0.1005],[3589.11,0.9833],[3589.1,0.9454],[3589.05,0.0587],[3589.04,0.003],[3589.03,0.947],[3589.02,1.6396],[3588.96,0.005],[3588.95,0.4254],[3588.94,3.8709],[3588.91,0.0014],[3588.9,0.0029],[3588.89,0.5624],[3588.86,0.0036]],"asks":[[3589.31,15.6004],[3589.32,0.0044],[3589.33,0.9514],[3589.34,6.9708],[3589.35,0.0559],[3589.36,0.003],[3589.38,0.0045],[3589.39,2.2138],[3589.4,0.003],[3589.41,0.0015],[3589.44,0.0014],[3589.46,0.3184],[3589.48,0.0865],[3589.5,0.0544],[3589.51,6.966],[3589.53,0.0014],[3589.55,0.0014],[3589.56,0.0571],[3589.59,0.0432],[3589.6,0.0014]]},"raw":{}}
{"exchange":"binance","instance_id":"B","symbol":"ETH-USD","event_ts":1762205093.815,"seq":63537808766,"depth":{"last_seq":63537808766,"bids":[[3589.3,1.9397],[3589.29,0.0118],[3589.28,0.0044],[3589.27,0.0015],[3589.26,0.0015],[3589.18,0.0322],[3589.13,0.1005],[3589.12,0.003],[3589.11,0.5988],[3589.1,0.9454],[3589.05,0.0557],[3589.04,0.003],[3589.03,0.947],[3589.02,1.6396],[3588.96,0.005],[3588.95,0.4254],[3588.94,3.8709],[3588.91,0.0014],[3588.9,0.0029],[3588.89,0.5624]],"asks":[[3589.31,15.6034],[3589.32,0.0074],[3589.33,0.9544],[3589.34,6.9708],[3589.35,0.0559],[3589.36,0.003],[3589.38,0.0045],[3589.39,2.2138],[3589.4,0.003],[3589.41,0.0015],[3589.44,0.0014],[3589.46,0.3184],[3589.48,0.0865],[3589.5,0.0514],[3589.51,6.966],[3589.53,0.0014],[3589.55,0.0014],[3589.56,0.0571],[3589.59,0.0432],[3589.6,0.0014]]},"raw":{}}
{"exchange":"binance","instance_id":"B","symbol":"ETH-USD","event_ts":1762205093.915,"seq":63537808775,"depth":{"last_seq":63537808775,"bids":[[3589.3,2.7075],[3589.29,0.0118],[3589.28,0.0044],[3589.27,0.0015],[3589.26,0.0015],[3589.18,0.0322],[3589.13,0.1005],[3589.12,0.003],[3589.11,0.5988],[3589.1,0.9454],[3589.05,0.0557],[3589.04,0.003],[3589.03,0.947],[3589.02,1.6396],[3588.96,0.005],[3588.95,0.4254],[3588.94,3.8709],[3588.91,0.0014],[3588.9,0.0029],[3588.89,0.5624]],"asks":[[3589.31,14.8486],[3589.32,0.0074],[3589.33,0.9544],[3589.34,6.9708],[3589.35,0.0559],[3589.36,0.003],[3589.38,0.0045],[3589.39,2.2138],[3589.4,0.003],[3589.41,0.0015],[3589.44,0.0014],[3589.46,0.3184],[3589.48,0.0865],[3589.5,0.0514],[3589.51,6.966],[3589.53,0.0014],[3589.55,0.0014],[3589.56,0.0571],[3589.59,0.0432],[3589.6,0.0014]]},"raw":{}}
{"exchange":"binance","instance_id":"B","symbol":"ETH-USD","event_ts":1762205094.015,"seq":63537808858,"depth":{"last_seq":63537808858,"bids":[[3589.3,13.2309],[3589.29,0.0073],[3589.28,0.0044],[3589.27,0.0015],[3589.26,0.0015],[3589.18,0.0322],[3589.13,0.1005],[3589.12,0.003],[3589.11,0.5958],[3589.1,0.9454],[3589.08,1.3466],[3589.05,0.0557],[3589.03,0.944],[3589.02,1.6396],[3588.96,0.002],[3588.95,17.4679],[3588.94,3.8709],[3588.91,0.0014],[3588.9,0.0529],[3588.89,0.5624]],"asks":[[3589.31,3.4583],[3589.32,0.0119],[3589.33,0.0104],[3589.34,6.9708],[3589.35,0.0559],[3589.36,0.003],[3589.38,0.0045],[3589.39,0.0045],[3589.4,0.003],[3589.41,0.0015],[3589.44,0.0014],[3589.46,0.3184],[3589.48,0.0865],[3589.5,0.0544],[3589.51,6.966],[3589.53,0.0014],[3589.55,0.0014],[3589.56,0.0571],[3589.59,0.0432],[3589.6,0.0014]]},"raw":{}}
{"exchange":"binance","instance_id":"B","symbol":"ETH-USD","event_ts":1762205094.115,"seq":63537808946,"depth":{"last_seq":63537808946,"bids":[[3589.3,13.6839],[3589.29,0.0058],[3589.28,0.0044],[3589.27,0.0015],[3589.26,0.0015],[3589.18,0.0322],[3589.13,0.1005],[3589.11,6.5504],[3589.1,0.9454],[3589.06,1.3466],[3589.05,0.0557],[3589.03,0.944],[3589.02,6.3929],[3588.96,0.002],[3588.95,17.4679],[3588.94,3.8709],[3588.91,0.0014],[3588.9,0.0529],[3588.89,0.5624],[3588.86,0.0036]],"asks":[[3589.31,2.8167],[3589.32,0.0149],[3589.33,0.0104],[3589.34,6.9708],[3589.35,0.0045],[3589.36,0.003],[3589.38,0.0015],[3589.39,0.0015],[3589.4,0.003],[3589.41,0.0015],[3589.44,0.0014],[3589.46,0.3198],[3589.48,0.0865],[3589.5,0.0544],[3589.51,6.966],[3589.53,0.0014],[3589.55,0.0014],[3589.56,0.0571],[3589.59,0.0432],[3589.6,0.0014]]},"raw":{}}
{"exchange":"binance","instance_id":"B","symbol":"ETH-USD","event_ts":1762205094.215,"seq":63537808996,"depth":{"last_seq":63537808996,"bids":[[3589.3,13.6839],[3589.29,0.0058],[3589.28,0.0044],[3589.27,0.0015],[3589.26,0.0015],[3589.18,0.0322],[3589.13,0.1005],[3589.12,4.1944],[3589.11,0.0045],[3589.1,0.9454],[3589.07,0.003],[3589.06,1.3466],[3589.05,0.1057],[3589.03,0.944],[3589.02,6.3929],[3588.96,0.002],[3588.95,17.4679],[3588.94,3.8709],[3588.91,0.0014],[3588.9,0.0529]],"asks":[[3589.31,2.8792],[3589.32,0.0134],[3589.33,0.0104],[3589.34,6.9708],[3589.35,0.0015],[3589.36,0.003],[3589.38,0.0015],[3589.39,0.0015],[3589.4,0.003],[3589.41,0.0015],[3589.44,0.0014],[3589.46,0.3198],[3589.48,0.0895],[3589.5,0.0544],[3589.51,6.966],[3589.53,0.0014],[3589.55,0.0014],[3589.56,0.0571],[3589.59,0.0432],[3589.6,0.0014]]},"raw":{}}
{"exchange":"binance","instance_id":"B","symbol":"ETH-USD","event_ts":1762205094.315,"seq":63537809015,"depth":{"last_seq":63537809015,"bids":[[3589.3,13.6839],[3589.29,0.0058],[3589.28,0.0044],[3589.27,0.0015],[3589.26,0.0015],[3589.18,0.0322],[3589.13,3.7853],[3589.12,0.0015],[3589.11,0.003],[3589.1,0.9454],[3589.06,1.3466],[3589.05,0.1057],[3589.03,0.944],[3589.02,6.3929],[3588.96,0.002],[3588.95,17.4679],[3588.94,3.8709],[3588.91,0.0014],[3588.9,0.0529],[3588.89,0.5624]],"asks":[[3589.31,2.8792],[3589.32,0.0134],[3589.33,0.0104],[3589.34,6.9708],[3589.35,0.0015],[3589.36,0.003],[3589.38,0.0015],[3589.39,0.0015],[3589.4,0.003],[3589.41,0.0015],[3589.44,0.0014],[3589.46,0.3198],[3589.48,0.0895],[3589.5,0.0544],[3589.51,6.966],[3589.53,0.0014],[3589.55,0.0014],[3589.56,0.0571],[3589.59,0.0432],[3589.6,0.0014]]},"raw":{}}
{"exchange":"binance","instance_id":"B","symbol":"ETH-USD","event_ts":1762205094.415,"seq":63537809047,"depth":{"last_seq":63537809047,"bids":[[3589.3,16.8039],[3589.29,0.0058],[3589.28,0.0044],[3589.27,0.0015],[3589.26,0.0015],[3589.18,0.0322],[3589.14,0.003],[3589.13,2.5298],[3589.11,5.63],[3589.1,0.9469],[3589.06,1.3466],[3589.05,0.1057],[3589.03,0.944],[3589.02,6.3929],[3588.96,0.002],[3588.95,17.4679],[3588.94,3.8709],[3588.91,0.0014],[3588.9,0.0529],[3588.89,0.5624]],"asks":[[3589.31,2.8152],[3589.32,0.0134],[3589.33,0.0104],[3589.34,6.9708],[3589.35,0.0015],[3589.36,0.003],[3589.38,0.0015],[3589.39,0.0015],[3589.4,0.0015],[3589.41,0.0015],[3589.44,0.0014],[3589.46,0.3198],[3589.48,0.0895],[3589.5,0.0044],[3589.51,6.966],[3589.53,0.0014],[3589.55,0.0014],[3589.56,0.0571],[3589.59,0.0432],[3589.6,0.0014]]},"raw":{}}
{"exchange":"binance","instance_id":"B","symbol":"ETH-USD","event_ts":1762205094.515,"seq":63537809079,"depth":{"last_seq":63537809079,"bids":[[3589.3,16.8039],[3589.29,0.0058],[3589.28,0.0044],[3589.27,0.0015],[3589.26,0.0015],[3589.18,0.0322],[3589.14,0.944],[3589.13,2.5298],[3589.1,0.0029],[3589.06,1.3466],[3589.05,0.1057],[3589.02,6.3929],[3588.96,0.002],[3588.95,17.4679],[3588.94,3.8709],[3588.91,0.0014],[3588.9,0.0529],[3588.89,0.5624],[3588.86,0.0036],[3588.82,0.0168]],"asks":[[3589.31,2.8777],[3589.32,0.0134],[3589.33,0.0104],[3589.34,6.9708],[3589.35,0.0015],[3589.36,0.003],[3589.38,0.0015],[3589.39,0.0015],[3589.4,0.0015],[3589.41,0.0015],[3589.44,0.0014],[3589.46,0.3184],[3589.48,0.0895],[3589.5,0.0044],[3589.51,6.966],[3589.53,0.0014],[3589.55,0.0014],[3589.56,0.0571],[3589.59,0.0432],[3589.6,0.0014]]},"raw":{}}
{"exchange":"binance","instance_id":"B","symbol":"ETH-USD","event_ts":1762205094.615,"seq":63537809099,"depth":{"last_seq":63537809099,"bids":[[3589.3,16.8039],[3589.29,0.0058],[3589.28,0.0044],[3589.27,0.0015],[3589.26,0.0015],[3589.18,0.0322],[3589.14,2.1475],[3589.13,0.1005],[3589.1,0.0014],[3589.07,0.944],[3589.06,1.3481],[3589.05,0.1057],[3589.02,6.3929],[3588.96,0.002],[3588.95,17.4679],[3588.94,3.8709],[3588.91,0.0014],[3588.9,0.0529],[3588.89,0.5624],[3588.86,0.0036]],"asks":[[3589.31,2.8792],[3589.32,0.0149],[3589.33,0.0104],[3589.34,6.9708],[3589.35,0.0015],[3589.36,0.003],[3589.38,0.0015],[3589.39,0.0015],[3589.4,0.0015],[3589.41,0.0015],[3589.44,0.0014],[3589.46,0.3184],[3589.48,0.0895],[3589.5,0.0044],[3589.51,6.966],[3589.53,0.0014],[3589.55,0.0014],[3589.56,0.0571],[3589.59,0.0432],[3589.6,0.0014]]},"raw":{}}
{"exchange":"binance","instance_id":"B","symbol":"ETH-USD","event_ts":1762205094.715,"seq":63537809127,"depth":{"last_seq":63537809127,"bids":[[3589.3,19.9211],[3589.29,0.0058],[3589.28,0.0044],[3589.27,0.0015],[3589.26,0.0015],[3589.18,0.0322],[3589.15,1.3697],[3589.14,0.9455],[3589.13,0.1005],[3589.1,0.0014],[3589.07,0.944],[3589.06,0.0015],[3589.05,0.1057],[3589.02,6.3929],[3588.96,0.002],[3588.95,17.4679],[3588.94,3.8709],[3588.91,0.0014],[3588.9,0.0529],[3588.89,0.5624]],"asks":[[3589.31,2.8212],[3589.32,0.0179],[3589.33,0.0104],[3589.34,6.9708],[3589.35,0.0015],[3589.36,0.003],[3589.38,0.0015],[3589.39,0.0015],[3589.4,0.0015],[3589.41,0.0015],[3589.44,0.0014],[3589.46,0.3184],[3589.48,0.0895],[3589.5,0.0044],[3589.51,6.966],[3589.53,0.0014],[3589.55,0.0014],[3589.56,0.0571],[3589.59,0.0432],[3589.6,0.0014]]},"raw":{}}
{"exchange":"binance","instance_id":"B","symbol":"ETH-USD","event_ts":1762205094.815,"seq":63537809426,"depth":{"last_seq":63537809426,"bids":[[3589.33,79.0748],[3589.32,1.0],[3589.31,14.5054],[3589.3,2.0799],[3589.29,0.0029],[3589.28,0.0015],[3589.27,0.0015],[3589.26,0.0015],[3589.2,0.05],[3589.19,5.63],[3589.18,0.0322],[3589.16,5.63],[3589.15,0.6104],[3589.14,0.0015],[3589.13,0.1005],[3589.1,0.0014],[3589.09,1.3466],[3589.05,0.1057],[3589.02,6.3929],[3588.99,2.325]],"asks":[[3589.34,0.049],[3589.35,0.0195],[3589.36,0.003],[3589.38,0.0015],[3589.39,0.0015],[3589.4,0.0015],[3589.41,0.0015],[3589.44,0.0029],[3589.45,0.003],[3589.46,0.3199],[3589.48,0.091],[3589.5,0.0044],[3589.51,0.003],[3589.53,0.0014],[3589.55,0.0014],[3589.56,0.0601],[3589.57,6.9659],[3589.59,0.0432],[3589.6,0.0014],[3589.65,0.0014]]},"raw":{}}
{"exchange":"binance","instance_id":"B","symbol":"ETH-USD","event_ts":1762205094.915,"seq":63537809568,"depth":{"last_seq":63537809568,"bids":[[3589.33,54.3818],[3589.32,5.9722],[3589.31,2.9294],[3589.3,1.6641],[3589.29,0.0029],[3589.28,0.0015],[3589.27,0.0015],[3589.2,3.8691],[3589.19,5.6315],[3589.18,0.0307],[3589.16,5.63],[3589.13,0.099],[3589.1,0.0014],[3589.09,1.3466],[3589.05,0.1057],[3589.03,6.9669],[3589.02,6.3929],[3588.99,2.325],[3588.96,0.002],[3588.95,17.4679]],"asks":[[3589.34,0.0474],[3589.35,0.0165],[3589.36,0.003],[3589.38,0.0015],[3589.39,0.0015],[3589.4,0.0015],[3589.41,0.0015],[3589.44,0.0029],[3589.45,0.0074],[3589.46,0.3228],[3589.48,0.0895],[3589.53,0.0014],[3589.55,6.9673],[3589.56,0.0645],[3589.57,0.003],[3589.59,0.0418],[3589.6,0.0014],[3589.65,0.0014],[3589.66,0.1824],[3589.67,0.1014]]},"raw":{}}
{"exchange":"binance","instance_id":"B","symbol":"ETH-USD","event_ts":1762205095.015,"seq":63537809622,"depth":{"last_seq":63537809622,"bids":[[3589.33,54.3853],[3589.32,3.5322],[3589.31,2.9294],[3589.3,1.6615],[3589.29,0.0029],[3589.28,0.0015],[3589.21,19.7159],[3589.2,5.4897],[3589.19,5.6315],[3589.18,0.0307],[3589.16,5.63],[3589.13,0.099],[3589.1,0.0014],[3589.09,1.3466],[3589.05,0.1057],[3589.03,6.9669],[3589.02,6.3929],[3588.99,2.325],[3588.96,0.002],[3588.95,17.4679]],"asks":[[3589.34,0.0489],[3589.35,0.015],[3589.36,0.003],[3589.38,0.0015],[3589.39,0.0015],[3589.4,0.0015],[3589.41,0.0015],[3589.44,0.0058],[3589.45,0.0074],[3589.46,0.3199],[3589.48,7.0569],[3589.53,0.0014],[3589.54,0.003],[3589.55,0.0044],[3589.56,0.0601],[3589.59,0.0418],[3589.6,0.0014],[3589.65,0.0014],[3589.66,0.1824],[3589.67,0.1014]]},"raw":{}}
{"exchange":"binance","instance_id":"B","symbol":"ETH-USD","event_ts":1762205095.115,"seq":63537809913,"depth":{"last_seq":63537809913,"bids":[[3589.47,47.2824],[3589.46,0.0029],[3589.45,25.7031],[3589.34,2.7604],[3589.33,0.595],[3589.32,1.0015],[3589.31,2.9265],[3589.3,1.6615],[3589.29,0.0029],[3589.21,19.7174],[3589.2,5.4882],[3589.18,0.0307],[3589.13,0.099],[3589.1,0.0014],[3589.09,1.3466],[3589.05,0.1086],[3589.03,6.9669],[3589.02,6.3929],[3588.99,2.325],[3588.96,0.002]],"asks":[[3589.48,22.4696],[3589.49,0.0089],[3589.5,0.0029],[3589.53,0.0029],[3589.54,0.0015],[3589.55,0.0015],[3589.56,0.0616],[3589.58,0.0014],[3589.59,0.0463],[3589.6,0.0029],[3589.65,0.0029],[3589.66,0.1869],[3589.67,0.1029],[3589.7,0.0014],[3589.74,0.0029],[3589.8,0.0528],[3589.84,0.1135],[3589.85,0.0029],[3589.86,0.0014],[3589.89,0.003]]},"raw":{}}
{"exchange":"binance","instance_id":"B","symbol":"ETH-USD","event_ts":1762205095.215,"seq":63537809969,"depth":{"last_seq":63537809969,"bids":[[3589.47,47.8738],[3589.46,16.3381],[3589.45,0.0044],[3589.34,0.0015],[3589.33,0.005],[3589.32,1.0015],[3589.31,2.9265],[3589.3,1.66],[3589.29,0.0014],[3589.21,19.7159],[3589.2,2.4084],[3589.18,0.0307],[3589.13,0.099],[3589.1,0.0014],[3589.09,1.3466],[3589.05,0.1086],[3589.03,6.9669],[3589.02,6.3929],[3588.99,2.325],[3588.96,0.002]],"asks":[[3589.48,22.4711],[3589.49,0.0104],[3589.5,0.0044],[3589.53,0.0029],[3589.54,0.0015],[3589.55,0.0015],[3589.56,0.0616],[3589.58,0.0029],[3589.59,0.0463],[3589.6,0.0029],[3589.65,0.0044],[3589.66,0.1854],[3589.67,0.1044],[3589.68,0.314],[3589.7,0.0014],[3589.74,0.0029],[3589.8,0.0558],[3589.84,0.1135],[3589.85,0.0029],[3589.86,0.0014]]},"raw":{}}
{"exchange":"binance","instance_id":"B","symbol":"ETH-USD","event_ts":1762205095.315,"seq":63537810003,"depth":{"last_seq":63537810003,"bids":[[3589.47,47.8753],[3589.46,7.2608],[3589.45,0.0029],[3589.33,0.0035],[3589.32,1.0015],[3589.31,2.9265],[3589.3,1.6615],[3589.29,0.0014],[3589.21,19.7174],[3589.2,2.4084],[3589.18,0.0307],[3589.13,0.0975],[3589.1,0.0014],[3589.09,1.3466],[3589.05,0.1086],[3589.03,6.9669],[3589.02,6.3929],[3588.99,2.325],[3588.96,0.002],[3588.95,17.4679]],"asks":[[3589.48,22.4756],[3589.49,0.0149],[3589.5,0.0044],[3589.53,0.0029],[3589.54,0.0015],[3589.55,0.0015],[3589.56,0.0616],[3589.58,0.0029],[3589.59,0.0463],[3589.6,0.0029],[3589.62,0.0015],[3589.65,0.0014],[3589.66,0.1854],[3589.67,0.1074],[3589.68,0.314],[3589.7,0.0014],[3589.74,0.0029],[3589.8,0.0528],[3589.84,0.1135],[3589.85,0.0029]]},"raw":{}}
{"exchange":"binance","instance_id":"B","symbol":"ETH-USD","event_ts":1762205095.415,"seq":63537810052,"depth":{"last_seq":63537810052,"bids":[[3589.47,47.8753],[3589.46,7.2608],[3589.45,0.0029],[3589.33,0.0035],[3589.32,1.0015],[3589.31,2.9265],[3589.3,0.2615],[3589.29,0.0014],[3589.21,19.7174],[3589.2,2.4084],[3589.18,0.0307],[3589.13,0.0975],[3589.1,0.0014],[3589.09,1.3466],[3589.05,0.1086],[3589.03,6.9669],[3589.02,6.3929],[3588.99,2.325],[3588.96,0.002],[3588.95,17.4679]],"asks":[[3589.48,22.3895],[3589.49,0.0149],[3589.5,0.0044],[3589.53,0.0029],[3589.54,0.0015],[3589.55,0.0015],[3589.56,0.0616],[3589.58,0.0029],[3589.59,0.0463],[3589.6,0.0029],[3589.62,0.0015],[3589.65,0.0014],[3589.66,0.1854],[3589.67,0.0074],[3589.68,0.314],[3589.7,0.0014],[3589.74,0.0029],[3589.8,0.0528],[3589.84,0.1135],[3589.85,0.0029]]},"raw":{}}
{"exchange":"binance","instance_id":"B","symbol":"ETH-USD","event_ts":1762205095.515,"seq":63537810115,"depth":{"last_seq":63537810115,"bids":[[3589.47,44.8474],[3589.46,7.2608],[3589.45,0.0029],[3589.33,0.0065],[3589.32,1.0045],[3589.31,0.0015],[3589.3,0.2615],[3589.29,0.0014],[3589.22,0.003],[3589.21,19.7174],[3589.2,2.4084],[3589.18,0.0307],[3589.13,0.0975],[3589.1,0.0014],[3589.09,1.3466],[3589.05,0.1086],[3589.02,6.3929],[3588.99,2.325],[3588.96,0.002],[3588.95,17.4679]],"asks":[[3589.48,22.4534],[3589.49,0.0134],[3589.5,0.0044],[3589.53,0.0029],[3589.54,0.0015],[3589.55,0.0015],[3589.56,0.0616],[3589.57,0.0015],[3589.58,0.0029],[3589.59,0.0463],[3589.6,0.0029],[3589.62,0.0015],[3589.65,0.0014],[3589.66,0.184],[3589.67,0.0044],[3589.68,7.2827],[3589.7,0.0014],[3589.74,0.0029],[3589.8,0.0528],[3589.84,0.1135]]},"raw":{}}
{"exchange":"binance","instance_id":"B","symbol":"ETH-USD","event_ts":1762205095.615,"seq":63537811475,"depth":{"last_seq":63537811475,"bids":[[3588.66,0.7661],[3588.64,0.0029],[3588.63,0.003],[3588.62,0.0014],[3588.6,0.0029],[3588.59,0.1437],[3588.58,0.1014],[3588.57,0.0014],[3588.55,0.5771],[3588.53,0.0014],[3588.51,0.003],[3588.5,6.8118],[3588.48,0.0034],[3588.46,0.0182],[3588.45,0.4939],[3588.39,0.1394],[3588.38,0.2869],[3588.34,0.0014],[3588.33,0.0015],[3588.3,6.8662]],"asks":[[3588.67,41.768],[3588.68,0.0029],[3588.72,0.0014],[3588.73,0.0075],[3588.74,0.0075],[3588.75,0.0015],[3588.88,2.3416],[3588.9,0.05],[3588.91,0.803],[3588.96,2.599],[3589.04,0.26],[3589.05,0.05],[3589.06,1.4],[3589.09,2.3416],[3589.1,1.8543],[3589.12,0.0021],[3589.14,2.2563],[3589.18,10.3543],[3589.19,2.9295],[3589.2,0.0778]]},"raw":{}}
{"exchange":"binance","instance_id":"B","symbol":"ETH-USD","event_ts":1762205095.715,"seq":63537811877,"depth":{"last_seq":63537811877,"bids":[[3588.66,1.7036],[3588.65,0.0179],[3588.64,0.0029],[3588.6,0.0058],[3588.59,0.1422],[3588.58,0.1029],[3588.57,0.0014],[3588.56,0.003],[3588.55,0.0015],[3588.53,0.0014],[3588.51,2.0363],[3588.5,0.0036],[3588.48,0.0034],[3588.46,0.0227],[3588.45,0.0014],[3588.39,0.0014],[3588.38,0.0043],[3588.34,0.0014],[3588.33,0.0015],[3588.31,0.003]],"asks":[[3588.67,41.7356],[3588.68,0.0044],[3588.69,0.0029],[3588.72,0.0029],[3588.73,0.0015],[3588.74,0.0015],[3588.75,0.0515],[3588.87,6.9672],[3588.88,2.3461],[3588.9,0.0545],[3588.91,0.8045],[3588.96,2.6035],[3589.0,17.0425],[3589.02,9.6909],[3589.04,0.003],[3589.05,0.364],[3589.06,1.4],[3589.09,7.5577],[3589.1,0.6043],[3589.12,0.0021]]},"raw":{}}
{"exchange":"binance","instance_id":"B","symbol":"ETH-USD","event_ts":1762205095.815,"seq":63537812104,"depth":{"last_seq":63537812104,"bids":[[3588.66,1.6933],[3588.65,0.0104],[3588.64,0.0029],[3588.62,0.0029],[3588.61,0.0029],[3588.6,0.0029],[3588.59,0.1422],[3588.58,0.1029],[3588.53,0.0014],[3588.52,0.6119],[3588.51,0.0015],[3588.48,0.0034],[3588.46,0.955],[3588.38,0.0043],[3588.34,0.0014],[3588.33,0.0015],[3588.31,1.0351],[3588.3,2.9764],[3588.29,0.1422],[3588.27,0.0014]],"asks":[[3588.67,38.9628],[3588.68,0.0044],[3588.69,0.0044],[3588.72,0.0029],[3588.73,0.0015],[3588.74,0.0015],[3588.75,0.0545],[3588.8,0.0014],[3588.86,0.003],[3588.87,16.6885],[3588.88,0.0045],[3588.9,0.0575],[3588.91,0.003],[3588.96,2.599],[3588.99,10.025],[3589.0,17.0425],[3589.01,2.7851],[3589.02,9.6909],[3589.05,0.364],[3589.06,1.4]]},"raw":{}}
{"exchange":"binance","instance_id":"B","symbol":"ETH-USD","event_ts":1762205095.915,"seq":63537812201,"depth":{"last_seq":63537812201,"bids":[[3588.66,1.6919],[3588.65,0.0104],[3588.64,0.0029],[3588.62,0.0029],[3588.61,0.0029],[3588.6,0.0029],[3588.59,0.1422],[3588.58,0.1029],[3588.53,0.0044],[3588.52,0.0015],[3588.48,0.0034],[3588.47,0.003],[3588.46,0.9579],[3588.38,0.0043],[3588.34,0.0014],[3588.33,0.0015],[3588.32,0.003],[3588.31,1.0351],[3588.3,2.9764],[3588.29,0.1422]],"asks":[[3588.67,38.9771],[3588.68,0.0044],[3588.69,0.0044],[3588.72,0.0029],[3588.73,0.0015],[3588.74,0.0015],[3588.75,0.0545],[3588.8,0.0029],[3588.86,0.0015],[3588.87,16.6855],[3588.9,0.053],[3588.96,2.602],[3588.99,10.028],[3589.0,17.0425],[3589.01,2.7851],[3589.02,9.6909],[3589.05,0.364],[3589.06,1.4],[3589.09,4.1818],[3589.1,0.0043]]},"raw":{}}
{"exchange":"binance","instance_id":"B","symbol":"ETH-USD","event_ts":1762205096.015,"seq":63537812409,"depth":{"last_seq":63537812409,"bids":[[3588.62,0.038],[3588.61,0.0105],[3588.6,0.0029],[3588.59,0.1422],[3588.58,0.1015],[3588.53,0.0014],[3588.48,0.0034],[3588.47,0.003],[3588.46,0.0197],[3588.38,0.0043],[3588.34,0.0014],[3588.33,0.0015],[3588.32,0.003],[3588.31,0.0045],[3588.3,0.0529],[3588.29,0.1422],[3588.27,0.0014],[3588.24,0.002],[3588.22,0.103],[3588.2,0.0014]],"asks":[[3588.63,40.1168],[3588.65,7.5152],[3588.66,16.1896],[3588.67,1.243],[3588.68,0.0044],[3588.69,0.0044],[3588.72,0.0029],[3588.73,0.0015],[3588.74,0.0015],[3588.75,0.056],[3588.8,0.0029],[3588.86,17.5793],[3588.87,6.9702],[3588.9,0.053],[3588.91,0.0014],[3588.96,0.003],[3588.99,10.025],[3589.0,17.0425],[3589.01,2.7851],[3589.02,9.6909]]},"raw":{}}
{"exchange":"binance","instance_id":"B","symbol":"ETH-USD","event_ts":1762205096.115,"seq":63537812840,"depth":{"last_seq":63537812840,"bids":[[3588.58,2.0127],[3588.57,0.0044],[3588.56,0.0029],[3588.53,0.0014],[3588.48,0.0034],[3588.46,0.0183],[3588.38,0.9457],[3588.34,0.0014],[3588.33,0.0015],[3588.3,0.0029],[3588.29,0.1408],[3588.27,0.0014],[3588.24,0.002],[3588.22,3.0266],[3588.2,0.0014],[3588.19,0.0069],[3588.17,0.9475],[3588.15,0.0571],[3588.14,0.0021],[3588.13,0.0278]],"asks":[[3588.59,36.834],[3588.6,0.0529],[3588.61,0.0029],[3588.62,6.9707],[3588.63,8.3244],[3588.64,0.003],[3588.65,0.0075],[3588.66,0.0045],[3588.67,0.0188],[3588.68,0.0015],[3588.69,0.0015],[3588.72,0.0029],[3588.73,0.3155],[3588.74,0.0015],[3588.75,0.0545],[3588.79,0.5434],[3588.8,0.0014],[3588.85,0.003],[3588.86,11.8224],[3588.87,6.9672]]},"raw":{}}
{"exchange":"binance","instance_id":"B","symbol":"ETH-USD","event_ts":1762205096.215,"seq":63537813102,"depth":{"last_seq":63537813102,"bids":[[3588.46,5.6799],[3588.45,0.0045],[3588.39,0.287],[3588.38,0.0015],[3588.34,0.0014],[3588.3,0.0014],[3588.29,0.1408],[3588.27,0.0014],[3588.24,0.002],[3588.23,1.2177],[3588.22,0.1031],[3588.2,0.0014],[3588.19,0.0069],[3588.18,0.003],[3588.17,0.036],[3588.15,1.2279],[3588.14,0.0021],[3588.1,0.021],[3588.06,0.6933],[3588.05,0.9929]],"asks":[[3588.47,28.0556],[3588.48,0.0029],[3588.53,0.0014],[3588.58,2.7637],[3588.59,1.2281],[3588.6,0.0545],[3588.61,4.8555],[3588.62,6.9752],[3588.63,0.0045],[3588.64,0.0015],[3588.65,0.0015],[3588.66,0.0015],[3588.67,0.0188],[3588.72,0.0014],[3588.73,0.8615],[3588.75,0.0515],[3588.79,0.5434],[3588.8,0.0014],[3588.83,2.925],[3588.86,11.8209]]},"raw":{}}
{"exchange":"binance","instance_id":"B","symbol":"ETH-USD","event_ts":1762205096.315,"seq":63537813219,"depth":{"last_seq":63537813219,"bids":[[3588.46,5.6829],[3588.45,0.0089],[3588.44,0.0029],[3588.4,0.003],[3588.39,0.0015],[3588.34,0.0014],[3588.3,0.0014],[3588.29,0.1422],[3588.27,0.0014],[3588.24,1.6495],[3588.23,0.0015],[3588.22,0.1031],[3588.2,0.0014],[3588.19,0.0069],[3588.17,0.036],[3588.16,0.003],[3588.15,1.225],[3588.14,0.0021],[3588.1,2.9474],[3588.07,0.003]],"asks":[[3588.47,29.2838],[3588.48,0.0044],[3588.49,0.0029],[3588.53,0.0029],[3588.57,0.003],[3588.58,3.9245],[3588.59,0.0045],[3588.6,0.0575],[3588.61,0.0075],[3588.62,6.9722],[3588.63,0.0015],[3588.64,0.0015],[3588.67,0.0143],[3588.72,1.3097],[3588.73,0.8615],[3588.75,0.0515],[3588.79,0.5434],[3588.8,0.0014],[3588.83,2.925],[3588.86,11.8209]]},"raw":{}}
