{"exchange":"bybit","instance_id":"B","symbol":"ETH-USD","event_ts":1762205084.319,"seq":50143697,"depth":{"last_seq":50143697,"bids":[[3587.8,1.38859],[3587.7,0.33263],[3587.64,0.13938999999999999],[3587.63,0.69696],[3587.52,0.64377],[3587.51,0.97567],[3587.5,0.278],[3587.45,0.3],[3587.23,0.18],[3587.22,0.40063],[3587.21,1.11859],[3587.12,0.02146],[3587.11,0.02608],[3587.1,0.2021],[3586.98,0.07529],[3586.96,0.2436],[3586.94,0.32775],[3586.9,0.004],[3586.82,0.008],[3586.78,0.39689]],"asks":[[3587.81,5.76217],[3587.85,0.004],[3587.89,0.13938],[3587.91,0.41807],[3587.99,0.69899],[3588.25,0.18],[3588.26,1.10994],[3588.27,3.01602],[3588.28,0.45937],[3588.29,0.36],[3588.36,0.0021],[3588.37,0.06475],[3588.45,0.6968],[3588.65,0.24263],[3588.67,0.22439],[3588.72,0.16631],[3588.73,0.0021],[3588.76,0.43052],[3588.77,0.98],[3588.78,0.07529]]},"raw":{}}
{"exchange":"bybit","instance_id":"B","symbol":"ETH-USD","event_ts":1762205084.419,"seq":50143698,"depth":{"last_seq":50143698,"bids":[[3587.8,2.81959],[3587.7,0.33263],[3587.64,0.13938999999999999],[3587.63,0.69696],[3587.52,0.64377],[3587.51,0.97567],[3587.5,0.278],[3587.45,0.3],[3587.23,0.18],[3587.22,0.40063],[3587.21,1.11859],[3587.12,0.02146],[3587.11,0.02608],[3587.1,0.2021],[3586.98,0.07529],[3586.96,0.2436],[3586.94,0.32775],[3586.9,0.004],[3586.82,0.008],[3586.78,0.39689]],"asks":[[3587.81,5.76217],[3587.85,0.004],[3587.89,0.13938],[3587.91,0.41807],[3587.99,0.69899],[3588.25,0.18],[3588.26,1.10994],[3588.27,3.01602],[3588.28,0.45937],[3588.29,0.36],[3588.36,0.0021],[3588.37,0.06475],[3588.45,0.6968],[3588.65,0.24263],[3588.67,0.22439],[3588.72,0.16631],[3588.73,0.0021],[3588.76,0.43052],[3588.77,0.98],[3588.78,0.07529]]},"raw":{}}
{"exchange":"bybit","instance_id":"B","symbol":"ETH-USD","event_ts":1762205084.439,"seq":50143699,"depth":{"last_seq":50143699,"bids":[[3587.8,6.59029],[3587.7,0.33263],[3587.64,0.13938999999999999],[3587.63,0.69696],[3587.52,0.64377],[3587.51,0.97567],[3587.5,0.278],[3587.45,0.3],[3587.23,0.18],[3587.22,0.40063],[3587.21,1.11859],[3587.12,0.02146],[3587.11,0.02608],[3587.1,0.2021],[3586.98,0.07529],[3586.96,0.2436],[3586.94,0.32775],[3586.9,0.004],[3586.82,0.008],[3586.78,0.39689]],"asks":[[3587.81,5.76217],[3587.85,0.004],[3587.89,0.13938],[3587.91,0.41807],[3587.99,0.69899],[3588.25,0.18],[3588.26,1.10994],[3588.27,2.83602],[3588.28,0.27937],[3588.29,0.36],[3588.36,0.0021],[3588.37,0.06475],[3588.45,0.6968],[3588.65,0.24263],[3588.67,0.22439],[3588.72,0.16631],[3588.73,0.0021],[3588.76,0.43052],[3588.77,0.98],[3588.78,0.07529]]},"raw":{}}
{"exchange":"bybit","instance_id":"B","symbol":"ETH-USD","event_ts":1762205084.459,"seq":50143700,"depth":{"last_seq":50143700,"bids":[[3587.8,6.59029],[3587.7,0.33263],[3587.64,0.13938999999999999],[3587.63,0.69696],[3587.52,0.64377],[3587.51,0.97567],[3587.5,0.278],[3587.45,0.3],[3587.23,0.18],[3587.22,0.40063],[3587.21,1.11859],[3587.12,0.02146],[3587.11,0.02608],[3587.1,0.2021],[3586.98,0.07529],[3586.96,0.2436],[3586.94,0.32775],[3586.9,0.004],[3586.82,0.008],[3586.78,0.39689]],"asks":[[3587.81,5.72917],[3587.85,0.004],[3587.89,0.13938],[3587.91,0.41807],[3587.99,0.69899],[3588.26,0.92994],[3588.27,2.83602],[3588.28,0.27937],[3588.29,0.36],[3588.36,0.0021],[3588.37,0.06475],[3588.45,0.6968],[3588.65,0.24263],[3588.67,0.22439],[3588.72,0.16631],[3588.73,0.0021],[3588.76,0.43052],[3588.77,0.98],[3588.78,0.07529],[3588.79,0.3735]]},"raw":{}}
{"exchange":"bybit","instance_id":"B","symbol":"ETH-USD","event_ts":1762205084.479,"seq":50143701,"depth":{"last_seq":50143701,"bids":[[3587.8,6.59029],[3587.7,0.33263],[3587.64,0.13938999999999999],[3587.63,0.69696],[3587.52,0.64377],[3587.51,0.97567],[3587.5,0.278],[3587.45,0.3],[3587.23,0.18],[3587.22,0.40063],[3587.21,1.11859],[3587.12,0.02146],[3587.11,0.02608],[3587.1,0.2021],[3586.98,0.07529],[3586.96,0.2436],[3586.94,0.32775],[3586.9,0.004],[3586.82,0.008],[3586.78,0.39689]],"asks":[[3587.81,5.72917],[3587.85,0.004],[3587.89,0.13938],[3587.91,0.41807],[3587.99,0.69899],[3588.26,0.92994],[3588.27,2.83602],[3588.28,0.27937],[3588.29,0.36],[3588.36,0.0021],[3588.37,0.06475],[3588.45,0.6968],[3588.65,0.24263],[3588.67,0.22439],[3588.72,0.16631],[3588.73,0.0021],[3588.76,0.43052],[3588.77,0.98],[3588.78,0.07529],[3588.79,0.3735]]},"raw":{}}
{"exchange":"bybit","instance_id":"B","symbol":"ETH-USD","event_ts":1762205084.499,"seq":50143702,"depth":{"last_seq":50143702,"bids":[[3587.8,6.59029],[3587.7,0.33263],[3587.64,0.13938999999999999],[3587.63,0.69696],[3587.52,0.64377],[3587.51,0.97567],[3587.5,0.278],[3587.45,0.3],[3587.23,0.18],[3587.22,0.40063],[3587.21,1.11859],[3587.12,0.02146],[3587.11,0.02608],[3587.1,0.2021],[3586.98,0.07529],[3586.96,0.2436],[3586.94,0.32775],[3586.9,0.004],[3586.82,0.008],[3586.78,0.39689]],"asks":[[3587.81,5.72917],[3587.85,0.004],[3587.89,0.13938],[3587.91,0.41807],[3587.99,0.69899],[3588.26,0.92994],[3588.27,2.83602],[3588.28,0.27937],[3588.29,0.36],[3588.36,0.0021],[3588.37,0.06475],[3588.45,0.6968],[3588.65,0.24263],[3588.67,0.22439],[3588.72,0.16631],[3588.73,0.0021],[3588.76,0.43052],[3588.77,0.98],[3588.78,0.07529],[3588.79,0.3735]]},"raw":{}}
{"exchange":"bybit","instance_id":"B","symbol":"ETH-USD","event_ts":1762205084.519,"seq":50143703,"depth":{"last_seq":50143703,"bids":[[3587.8,6.59029],[3587.7,0.33263],[3587.64,0.13938999999999999],[3587.63,0.69696],[3587.52,0.64377],[3587.51,0.97567],[3587.5,0.278],[3587.45,0.3],[3587.23,0.18],[3587.22,0.40063],[3587.21,1.11859],[3587.12,0.02146],[3587.11,0.02608],[3587.1,0.2021],[3586.98,0.07529],[3586.96,0.2436],[3586.94,0.32775],[3586.9,0.004],[3586.82,0.008],[3586.78,0.39689]],"asks":[[3587.81,5.72917],[3587.85,0.004],[3587.89,0.13938],[3587.91,0.41807],[3587.99,0.69899],[3588.26,0.92994],[3588.27,2.83602],[3588.28,0.27937],[3588.29,0.36],[3588.36,0.0021],[3588.37,0.06475],[3588.45,0.6968],[3588.65,0.24263],[3588.67,0.22439],[3588.72,0.16631],[3588.73,0.0021],[3588.76,0.43052],[3588.77,0.98],[3588.78,0.07529],[3588.79,0.3735]]},"raw":{}}
{"exchange":"bybit","instance_id":"B","symbol":"ETH-USD","event_ts":1762205084.539,"seq":50143704,"depth":{"last_seq":50143704,"bids":[[3587.8,6.59029],[3587.7,0.33263],[3587.64,0.13938999999999999],[3587.63,0.69696],[3587.52,0.64377],[3587.51,0.97567],[3587.5,0.278],[3587.45,0.3],[3587.23,0.18],[3587.22,0.40063],[3587.21,1.11859],[3587.12,0.02146],[3587.11,0.02608],[3587.1,0.2021],[3586.98,0.07529],[3586.96,0.2436],[3586.94,0.32775],[3586.9,0.004],[3586.82,0.008],[3586.78,0.39689]],"asks":[[3587.81,5.72917],[3587.85,0.004],[3587.89,0.13938],[3587.91,0.41807],[3587.99,0.69899],[3588.26,0.92994],[3588.27,2.83602],[3588.28,0.27937],[3588.29,0.36],[3588.36,0.0021],[3588.37,0.06475],[3588.45,0.6968],[3588.65,0.24263],[3588.67,0.22439],[3588.72,0.16631],[3588.73,0.0021],[3588.76,0.43052],[3588.77,0.98],[3588.78,0.07529],[3588.79,0.3735]]},"raw":{}}
{"exchange":"bybit","instance_id":"B","symbol":"ETH-USD","event_ts":1762205084.559,"seq":50143705,"depth":{"last_seq":50143705,"bids":[[3587.8,6.59029],[3587.7,0.33263],[3587.64,0.13938999999999999],[3587.63,0.69696],[3587.52,0.64377],[3587.51,0.97567],[3587.5,0.278],[3587.45,0.3],[3587.23,0.18],[3587.22,0.40063],[3587.21,1.11859],[3587.12,0.02146],[3587.11,0.02608],[3587.1,0.2021],[3586.98,0.07529],[3586.96,0.2436],[3586.94,0.32775],[3586.9,0.004],[3586.82,0.008],[3586.78,0.39689]],"asks":[[3587.81,5.72917],[3587.85,0.004],[3587.89,0.13938],[3587.91,0.41807],[3587.99,0.69899],[3588.26,0.92994],[3588.27,2.83602],[3588.28,0.27937],[3588.29,0.36],[3588.36,0.0021],[3588.37,0.06475],[3588.45,0.6968],[3588.65,0.24263],[3588.67,0.22439],[3588.72,0.16631],[3588.73,0.0021],[3588.76,0.43052],[3588.77,0.98],[3588.78,0.07529],[3588.79,0.3735]]},"raw":{}}
{"exchange":"bybit","instance_id":"B","symbol":"ETH-USD","event_ts":1762205084.579,"seq":50143706,"depth":{"last_seq":50143706,"bids":[[3587.8,6.59029],[3587.7,0.33263],[3587.64,0.13938999999999999],[3587.63,0.69696],[3587.52,0.64377],[3587.51,0.97567],[3587.5,0.278],[3587.45,0.3],[3587.23,0.18],[3587.22,0.40063],[3587.21,1.11859],[3587.12,0.02146],[3587.11,0.02608],[3587.1,0.2021],[3586.98,0.07529],[3586.96,0.2436],[3586.94,0.32775],[3586.9,0.004],[3586.82,0.008],[3586.78,0.39689]],"asks":[[3587.81,5.72917],[3587.85,0.004],[3587.91,0.41807],[3587.99,0.69899],[3588.07,0.13937],[3588.26,0.92994],[3588.27,2.83602],[3588.28,0.27937],[3588.29,0.36],[3588.36,0.0021],[3588.37,0.06475],[3588.45,0.6968],[3588.65,0.24263],[3588.67,0.22439],[3588.72,0.16631],[3588.73,0.0021],[3588.76,0.43052],[3588.77,0.98],[3588.78,0.07529],[3588.79,0.3735]]},"raw":{}}
{"exchange":"bybit","instance_id":"B","symbol":"ETH-USD","event_ts":1762205084.619,"seq":50143707,"depth":{"last_seq":50143707,"bids":[[3587.8,6.59029],[3587.7,0.33263],[3587.64,0.13938999999999999],[3587.63,0.69696],[3587.52,0.64377],[3587.51,0.97567],[3587.5,0.278],[3587.45,0.3],[3587.23,0.18],[3587.22,0.40063],[3587.21,1.11859],[3587.12,0.02146],[3587.11,0.02608],[3587.1,0.2021],[3586.98,0.07529],[3586.96,0.2436],[3586.94,0.32775],[3586.9,0.004],[3586.82,0.008],[3586.78,0.39689]],"asks":[[3587.81,5.72917],[3587.85,0.004],[3587.91,0.41807],[3587.99,0.69899],[3588.26,0.92994],[3588.27,2.83602],[3588.28,0.27937],[3588.29,0.36],[3588.36,0.0021],[3588.37,0.06475],[3588.45,0.6968],[3588.65,0.24263],[3588.67,0.22439],[3588.72,0.16631],[3588.73,0.0021],[3588.76,0.43052],[3588.77,0.98],[3588.78,0.07529],[3588.79,0.3735],[3588.8,0.08712]]},"raw":{}}
{"exchange":"bybit","instance_id":"B","symbol":"ETH-USD","event_ts":1762205084.739,"seq":50143708,"depth":{"last_seq":50143708,"bids":[[3587.8,5.05959],[3587.7,0.33263],[3587.64,0.13938999999999999],[3587.63,0.69696],[3587.52,0.64377],[3587.51,0.97567],[3587.5,0.278],[3587.45,0.3],[3587.23,0.18],[3587.22,0.40063],[3587.21,1.11859],[3587.12,0.02146],[3587.11,0.02608],[3587.1,0.2021],[3586.98,0.07529],[3586.96,0.2436],[3586.94,0.32775],[3586.9,0.004],[3586.82,0.008],[3586.78,0.39689]],"asks":[[3587.81,5.72917],[3587.85,0.004],[3587.91,0.41807],[3587.99,0.69899],[3588.26,0.92994],[3588.27,2.83602],[3588.28,0.27937],[3588.29,0.36],[3588.36,0.0021],[3588.37,0.06475],[3588.45,0.6968],[3588.65,0.24263],[3588.67,0.22439],[3588.72,0.16631],[3588.73,0.0021],[3588.76,0.43052],[3588.77,0.98],[3588.78,0.07529],[3588.79,0.3735],[3588.8,0.08712]]},"raw":{}}
{"exchange":"bybit","instance_id":"B","symbol":"ETH-USD","event_ts":1762205084.759,"seq":50143709,"depth":{"last_seq":50143709,"bids":[[3587.8,2.81959],[3587.7,0.33263],[3587.64,0.13938999999999999],[3587.63,0.69696],[3587.52,0.64377],[3587.51,0.97567],[3587.5,0.278],[3587.45,0.3],[3587.23,0.18],[3587.22,0.40063],[3587.21,1.11859],[3587.12,0.02146],[3587.11,0.02608],[3587.1,0.2021],[3586.98,0.07529],[3586.96,0.2436],[3586.94,0.32775],[3586.9,0.004],[3586.82,0.008],[3586.78,0.39689]],"asks":[[3587.81,5.72917],[3587.85,0.004],[3587.91,0.41807],[3587.99,0.69899],[3588.26,0.92994],[3588.27,2.83602],[3588.28,0.27937],[3588.29,0.36],[3588.36,0.0021],[3588.37,0.06475],[3588.45,0.6968],[3588.65,0.24263],[3588.67,0.22439],[3588.72,0.16631],[3588.73,0.0021],[3588.76,0.43052],[3588.77,0.98],[3588.78,0.07529],[3588.79,0.3735],[3588.8,0.08712]]},"raw":{}}
{"exchange":"bybit","instance_id":"B","symbol":"ETH-USD","event_ts":1762205084.779,"seq":50143710,"depth":{"last_seq":50143710,"bids":[[3587.8,1.38859],[3587.7,0.33263],[3587.64,0.13938999999999999],[3587.63,0.69696],[3587.52,0.64377],[3587.51,0.97567],[3587.5,0.278],[3587.45,0.3],[3587.23,0.18],[3587.22,0.40063],[3587.21,1.11859],[3587.12,0.02146],[3587.11,0.02608],[3587.1,0.2021],[3586.98,0.07529],[3586.96,0.2436],[3586.94,0.32775],[3586.9,0.004],[3586.82,0.008],[3586.78,0.39689]],"asks":[[3587.81,5.76217],[3587.85,0.004],[3587.91,0.41807],[3587.99,0.69899],[3588.26,0.92994],[3588.27,2.83602],[3588.28,0.27937],[3588.29,0.36],[3588.36,0.0021],[3588.37,0.06475],[3588.45,0.6968],[3588.65,0.24263],[3588.67,0.22439],[3588.72,0.16631],[3588.73,0.0021],[3588.76,0.43052],[3588.77,0.98],[3588.78,0.07529],[3588.79,0.3735],[3588.8,0.08712]]},"raw":{}}
{"exchange":"bybit","instance_id":"B","symbol":"ETH-USD","event_ts":1762205084.799,"seq":50143711,"depth":{"last_seq":50143711,"bids":[[3587.8,1.38859],[3587.7,0.33263],[3587.64,0.13938999999999999],[3587.63,0.69696],[3587.52,0.64377],[3587.51,0.97567],[3587.5,0.278],[3587.45,0.3],[3587.23,0.18],[3587.22,0.40063],[3587.21,1.11859],[3587.12,0.02146],[3587.11,0.02608],[3587.1,0.2021],[3586.98,0.07529],[3586.96,0.2436],[3586.94,0.32775],[3586.9,0.004],[3586.82,0.008],[3586.78,0.39689]],"asks":[[3587.81,5.76217],[3587.85,0.004],[3587.91,0.41807],[3587.99,0.69899],[3588.26,0.92994],[3588.27,2.83602],[3588.28,0.27937],[3588.29,0.36],[3588.36,0.0021],[3588.37,0.06475],[3588.45,0.6968],[3588.65,0.24263],[3588.67,0.22439],[3588.72,0.16631],[3588.73,0.0021],[3588.76,0.43052],[3588.77,0.98],[3588.78,0.07529],[3588.79,0.3735],[3588.8,0.08712]]},"raw":{}}
{"exchange":"bybit","instance_id":"B","symbol":"ETH-USD","event_ts":1762205084.859,"seq":50143712,"depth":{"last_seq":50143712,"bids":[[3587.8,1.38859],[3587.7,0.33263],[3587.64,0.13938999999999999],[3587.63,0.69696],[3587.52,0.64377],[3587.51,0.97567],[3587.5,0.278],[3587.45,0.3],[3587.23,0.18],[3587.22,0.40063],[3587.21,1.11859],[3587.12,0.02146],[3587.11,0.02608],[3587.1,0.2021],[3586.98,0.07529],[3586.96,0.2436],[3586.94,0.32775],[3586.9,0.004],[3586.82,0.008],[3586.78,0.39689]],"asks":[[3587.81,5.76217],[3587.85,0.004],[3587.91,0.41807],[3587.99,0.69899],[3588.25,0.18],[3588.26,0.92994],[3588.27,2.83602],[3588.28,0.27937],[3588.29,0.36],[3588.36,0.0021],[3588.37,0.06475],[3588.45,0.6968],[3588.65,0.24263],[3588.67,0.22439],[3588.72,0.16631],[3588.73,0.0021],[3588.76,0.43052],[3588.77,0.98],[3588.78,0.07529],[3588.79,0.3735]]},"raw":{}}
{"exchange":"bybit","instance_id":"B","symbol":"ETH-USD","event_ts":1762205084.939,"seq":50143713,"depth":{"last_seq":50143713,"bids":[[3587.8,1.38859],[3587.7,0.33263],[3587.64,0.13938999999999999],[3587.63,0.69696],[3587.52,0.64377],[3587.51,0.97567],[3587.5,0.278],[3587.45,0.3],[3587.23,0.18],[3587.22,0.40063],[3587.21,1.11859],[3587.12,0.02146],[3587.11,0.02608],[3587.1,0.2021],[3586.98,0.07529],[3586.96,0.2436],[3586.94,0.32775],[3586.9,0.004],[3586.82,0.008],[3586.78,0.39689]],"asks":[[3587.81,5.76217],[3587.85,0.004],[3587.91,0.41807],[3587.99,0.69899],[3588.25,0.18],[3588.26,0.92994],[3588.27,2.83602],[3588.28,0.27937],[3588.29,0.36],[3588.36,0.0021],[3588.37,0.06475],[3588.45,0.6968],[3588.65,0.24263],[3588.67,0.22439],[3588.72,0.16631],[3588.73,0.0021],[3588.76,0.43052],[3588.77,0.98],[3588.78,0.07529],[3588.79,0.3735]]},"raw":{}}
{"exchange":"bybit","instance_id":"B","symbol":"ETH-USD","event_ts":1762205085.04,"seq":50143714,"depth":{"last_seq":50143714,"bids":[[3587.8,1.38859],[3587.7,0.33263],[3587.64,0.13938999999999999],[3587.63,0.69696],[3587.52,0.64377],[3587.51,0.97567],[3587.5,0.278],[3587.45,0.3],[3587.23,0.18],[3587.22,0.40063],[3587.21,1.11859],[3587.12,0.02146],[3587.11,0.02608],[3587.1,0.2021],[3586.98,0.07529],[3586.96,0.2436],[3586.94,0.32775],[3586.9,0.004],[3586.82,0.008],[3586.78,0.39689]],"asks":[[3587.81,5.76217],[3587.85,0.004],[3587.91,0.41807],[3587.99,0.69899],[3588.25,0.18],[3588.26,0.92994],[3588.27,2.83602],[3588.28,0.27937],[3588.29,0.36],[3588.36,0.0021],[3588.37,0.06475],[3588.45,0.6968],[3588.65,0.24263],[3588.67,0.22439],[3588.72,0.16631],[3588.73,0.0021],[3588.76,0.43052],[3588.77,0.98],[3588.78,0.07529],[3588.79,0.3735]]},"raw":{}}
{"exchange":"bybit","instance_id":"B","symbol":"ETH-USD","event_ts":1762205085.139,"seq":50143715,"depth":{"last_seq":50143715,"bids":[[3587.8,2.81959],[3587.7,0.33263],[3587.64,0.13938999999999999],[3587.63,0.69696],[3587.52,0.64377],[3587.51,0.97567],[3587.5,0.278],[3587.45,0.3],[3587.23,0.18],[3587.22,0.40063],[3587.21,1.11859],[3587.12,0.02146],[3587.11,0.02608],[3587.1,0.2021],[3586.98,0.07529],[3586.96,0.2436],[3586.94,0.32775],[3586.9,0.004],[3586.82,0.008],[3586.78,0.39689]],"asks":[[3587.81,5.76217],[3587.85,0.004],[3587.91,0.41807],[3587.99,0.69899],[3588.25,0.18],[3588.26,0.92994],[3588.27,2.83602],[3588.28,0.27937],[3588.29,0.36],[3588.36,0.0021],[3588.37,0.06475],[3588.45,0.6968],[3588.65,0.24263],[3588.67,0.22439],[3588.72,0.16631],[3588.73,0.0021],[3588.76,0.43052],[3588.77,0.98],[3588.78,0.07529],[3588.79,0.3735]]},"raw":{}}
{"exchange":"bybit","instance_id":"B","symbol":"ETH-USD","event_ts":1762205085.159,"seq":50143716,"depth":{"last_seq":50143716,"bids":[[3587.8,3.85459],[3587.7,0.33263],[3587.64,0.13938999999999999],[3587.63,0.69696],[3587.52,0.64377],[3587.51,0.97567],[3587.5,0.278],[3587.23,0.18],[3587.22,0.40063],[3587.21,1.11859],[3587.12,0.02146],[3587.11,0.02608],[3587.1,0.2021],[3586.98,0.07529],[3586.96,0.2436],[3586.94,0.32775],[3586.9,0.004],[3586.82,0.008],[3586.78,0.39689],[3586.77,1.31859]],"asks":[[3587.81,5.72917],[3587.85,0.004],[3587.91,0.41807],[3587.99,0.69899],[3588.25,0.18],[3588.26,0.92994],[3588.27,2.83602],[3588.28,0.27937],[3588.29,0.36],[3588.36,0.0021],[3588.37,0.06475],[3588.45,0.6968],[3588.65,0.24263],[3588.67,0.22439],[3588.72,0.16631],[3588.73,0.0021],[3588.76,0.43052],[3588.77,0.98],[3588.78,0.07529],[3588.79,0.3735]]},"raw":{}}
{"exchange":"bybit","instance_id":"B","symbol":"ETH-USD","event_ts":1762205085.179,"seq":50143717,"depth":{"last_seq":50143717,"bids":[[3587.8,5.20069],[3587.7,0.33263],[3587.64,0.13938999999999999],[3587.63,0.69696],[3587.52,0.64377],[3587.51,0.97567],[3587.5,0.278],[3587.23,0.18],[3587.22,0.40063],[3587.21,1.11859],[3587.12,0.02146],[3587.11,0.02608],[3587.1,0.2021],[3586.98,0.07529],[3586.96,0.2436],[3586.94,0.32775],[3586.9,0.004],[3586.82,0.008],[3586.78,0.39689],[3586.77,1.31859]],"asks":[[3587.81,5.66242],[3587.85,0.004],[3587.91,0.41807],[3587.99,0.69899],[3588.25,0.18],[3588.26,0.92994],[3588.27,2.83602],[3588.28,0.27937],[3588.29,0.36],[3588.36,0.0021],[3588.37,0.06475],[3588.45,0.6968],[3588.65,0.24263],[3588.67,0.22439],[3588.72,0.16631],[3588.73,0.0021],[3588.76,0.43052],[3588.77,0.98],[3588.78,0.07529],[3588.79,0.3735]]},"raw":{}}
{"exchange":"bybit","instance_id":"B","symbol":"ETH-USD","event_ts":1762205085.199,"seq":50143718,"depth":{"last_seq":50143718,"bids":[[3587.8,5.20069],[3587.7,0.33263],[3587.64,0.13938999999999999],[3587.63,0.69696],[3587.52,0.64377],[3587.51,0.97567],[3587.5,0.278],[3587.23,0.18],[3587.22,0.40063],[3587.21,1.11859],[3587.12,0.02146],[3587.11,0.02608],[3587.1,0.2021],[3586.98,0.07529],[3586.96,0.2436],[3586.94,0.32775],[3586.9,0.004],[3586.82,0.008],[3586.78,0.39689],[3586.77,1.31859]],"asks":[[3587.81,5.66242],[3587.85,0.004],[3587.99,0.69899],[3588.25,0.18],[3588.26,0.92994],[3588.27,2.83602],[3588.28,0.27937],[3588.29,0.36],[3588.36,0.0021],[3588.37,0.06475],[3588.45,0.6968],[3588.65,0.24263],[3588.67,0.22439],[3588.72,0.16631],[3588.73,0.0021],[3588.76,0.43052],[3588.77,0.98],[3588.78,0.07529],[3588.79,0.3735],[3588.8,0.08712]]},"raw":{}}
{"exchange":"bybit","instance_id":"B","symbol":"ETH-USD","event_ts":1762205085.219,"seq":50143719,"depth":{"last_seq":50143719,"bids":[[3587.8,5.20069],[3587.7,0.33263],[3587.64,0.13938999999999999],[3587.63,0.69696],[3587.52,0.64377],[3587.51,0.97567],[3587.5,0.278],[3587.23,0.18],[3587.22,0.40063],[3587.21,1.11859],[3587.12,0.02146],[3587.11,0.02608],[3587.1,0.2021],[3586.98,0.07529],[3586.96,0.2436],[3586.94,0.32775],[3586.9,0.004],[3586.82,0.008],[3586.78,0.39689],[3586.77,1.31859]],"asks":[[3587.81,5.66242],[3587.85,0.004],[3587.99,0.69899],[3588.25,0.18],[3588.26,0.92994],[3588.27,2.83602],[3588.28,0.27937],[3588.29,0.36],[3588.36,0.0021],[3588.37,0.06475],[3588.45,0.6968],[3588.65,0.24263],[3588.67,0.22439],[3588.72,0.16631],[3588.73,0.0021],[3588.76,0.43052],[3588.77,0.98],[3588.78,0.07529],[3588.79,0.3735],[3588.8,0.08712]]},"raw":{}}
{"exchange":"bybit","instance_id":"B","symbol":"ETH-USD","event_ts":1762205085.259,"seq":50143720,"depth":{"last_seq":50143720,"bids":[[3587.8,5.20069],[3587.7,0.33263],[3587.64,0.13938999999999999],[3587.63,0.69696],[3587.52,0.64377],[3587.51,0.97567],[3587.5,0.278],[3587.23,0.18],[3587.22,0.40063],[3587.21,1.11859],[3587.12,0.02146],[3587.11,0.02608],[3587.1,0.2021],[3586.98,0.07529],[3586.96,0.2436],[3586.94,0.32775],[3586.9,0.004],[3586.82,0.008],[3586.78,0.39689],[3586.77,1.31859]],"asks":[[3587.81,5.66242],[3587.99,0.69899],[3588.25,0.18],[3588.26,0.92994],[3588.27,2.83602],[3588.28,0.27937],[3588.29,0.36],[3588.36,0.0021],[3588.37,0.06475],[3588.45,0.6968],[3588.65,0.24263],[3588.67,0.22439],[3588.72,0.16631],[3588.73,0.0021],[3588.76,0.43052],[3588.77,0.98],[3588.78,0.07529],[3588.79,0.3735],[3588.8,0.08712],[3588.84,0.33222]]},"raw":{}}
{"exchange":"bybit","instance_id":"B","symbol":"ETH-USD","event_ts":1762205085.339,"seq":50143721,"depth":{"last_seq":50143721,"bids":[[3587.8,3.93359],[3587.7,0.33263],[3587.64,0.13938999999999999],[3587.63,0.69696],[3587.52,0.64377],[3587.51,0.97567],[3587.5,0.278],[3587.23,0.18],[3587.22,0.40063],[3587.21,1.11859],[3587.12,0.02146],[3587.11,0.02608],[3587.1,0.2021],[3586.98,0.07529],[3586.96,0.2436],[3586.94,0.32775],[3586.9,0.004],[3586.82,0.008],[3586.78,0.39689],[3586.77,1.31859]],"asks":[[3587.81,5.66242],[3587.99,0.69899],[3588.25,0.18],[3588.26,0.92994],[3588.27,2.83602],[3588.28,0.27937],[3588.29,0.36],[3588.36,0.0021],[3588.37,0.06475],[3588.45,0.6968],[3588.65,0.24263],[3588.67,0.22439],[3588.72,0.16631],[3588.73,0.0021],[3588.76,0.43052],[3588.77,0.98],[3588.78,0.07529],[3588.79,0.3735],[3588.8,0.08712],[3588.84,0.33222]]},"raw":{}}
{"exchange":"bybit","instance_id":"B","symbol":"ETH-USD","event_ts":1762205085.459,"seq":50143722,"depth":{"last_seq":50143722,"bids":[[3587.8,2.51959],[3587.7,0.33263],[3587.64,0.13938999999999999],[3587.63,0.69696],[3587.52,0.64377],[3587.51,0.97567],[3587.5,0.278],[3587.23,0.18],[3587.22,0.40063],[3587.21,1.11859],[3587.12,0.02146],[3587.11,0.02608],[3587.1,0.2021],[3586.98,0.07529],[3586.96,0.2436],[3586.94,0.32775],[3586.9,0.004],[3586.82,0.008],[3586.78,0.39689],[3586.77,1.31859]],"asks":[[3587.81,5.66242],[3587.99,0.69899],[3588.25,0.18],[3588.26,0.92994],[3588.27,2.83602],[3588.28,0.27937],[3588.29,0.36],[3588.36,0.0021],[3588.37,0.06475],[3588.45,0.6968],[3588.65,0.24263],[3588.67,0.22439],[3588.72,0.16631],[3588.73,0.0021],[3588.76,0.43052],[3588.77,0.98],[3588.78,0.07529],[3588.79,0.3735],[3588.8,0.08712],[3588.84,0.33222]]},"raw":{}}
{"exchange":"bybit","instance_id":"B","symbol":"ETH-USD","event_ts":1762205085.499,"seq":50143723,"depth":{"last_seq":50143723,"bids":[[3587.8,3.71059],[3587.7,0.33263],[3587.64,0.13938999999999999],[3587.63,0.69696],[3587.52,0.64377],[3587.51,0.97567],[3587.5,0.278],[3587.23,0.18],[3587.22,0.40063],[3587.21,1.11859],[3587.12,0.02146],[3587.11,0.02608],[3587.1,0.2021],[3586.98,0.07529],[3586.96,0.2436],[3586.94,0.32775],[3586.9,0.004],[3586.82,0.008],[3586.78,0.39689],[3586.77,1.31859]],"asks":[[3587.81,5.66242],[3587.99,0.69899],[3588.25,0.18],[3588.26,0.92994],[3588.27,2.83602],[3588.28,0.27937],[3588.29,0.36],[3588.36,0.0021],[3588.37,0.06475],[3588.45,0.6968],[3588.65,0.24263],[3588.67,0.22439],[3588.72,0.16631],[3588.73,0.0021],[3588.76,0.43052],[3588.77,0.98],[3588.78,0.07529],[3588.79,0.3735],[3588.8,0.08712],[3588.84,0.33222]]},"raw":{}}
{"exchange":"bybit","instance_id":"B","symbol":"ETH-USD","event_ts":1762205085.519,"seq":50143724,"depth":{"last_seq":50143724,"bids":[[3587.8,4.11259],[3587.7,0.33263],[3587.64,0.13938999999999999],[3587.63,0.69696],[3587.52,0.64377],[3587.51,0.97567],[3587.5,0.278],[3587.23,0.18],[3587.22,0.40063],[3587.21,1.11859],[3587.12,0.02146],[3587.11,0.02608],[3587.1,0.2021],[3586.98,0.07529],[3586.96,0.2436],[3586.94,0.32775],[3586.9,0.004],[3586.82,0.008],[3586.78,0.39689],[3586.77,1.31859]],"asks":[[3587.81,5.66242],[3587.99,0.69899],[3588.25,0.18],[3588.26,0.92994],[3588.27,2.83602],[3588.28,0.27937],[3588.29,0.36],[3588.36,0.0021],[3588.37,0.06475],[3588.45,0.6968],[3588.65,0.24263],[3588.67,0.22439],[3588.72,0.16631],[3588.73,0.0021],[3588.76,0.43052],[3588.77,0.98],[3588.78,0.07529],[3588.79,0.3735],[3588.8,0.08712],[3588.84,0.33222]]},"raw":{}}
{"exchange":"bybit","instance_id":"B","symbol":"ETH-USD","event_ts":1762205085.539,"seq":50143725,"depth":{"last_seq":50143725,"bids":[[3587.8,2.51959],[3587.7,0.33263],[3587.64,0.13938999999999999],[3587.63,0.69696],[3587.52,0.64377],[3587.51,0.97567],[3587.5,0.278],[3587.23,0.18],[3587.22,0.40063],[3587.21,1.11859],[3587.12,0.02146],[3587.11,0.02608],[3587.1,0.2021],[3586.98,0.07529],[3586.96,0.2436],[3586.94,0.32775],[3586.9,0.004],[3586.82,0.008],[3586.78,0.39689],[3586.77,1.31859]],"asks":[[3587.81,5.69542],[3587.99,0.69899],[3588.25,0.18],[3588.26,0.92994],[3588.27,2.83602],[3588.28,0.27937],[3588.29,0.36],[3588.36,0.0021],[3588.37,0.06475],[3588.45,0.6968],[3588.65,0.24263],[3588.67,0.22439],[3588.72,0.16631],[3588.73,0.0021],[3588.76,0.43052],[3588.77,0.98],[3588.78,0.07529],[3588.79,0.3735],[3588.8,0.08712],[3588.84,0.33222]]},"raw":{}}
{"exchange":"bybit","instance_id":"B","symbol":"ETH-USD","event_ts":1762205085.559,"seq":50143726,"depth":{"last_seq":50143726,"bids":[[3587.8,2.51959],[3587.7,0.33263],[3587.64,0.13938999999999999],[3587.63,0.69696],[3587.52,0.64377],[3587.51,0.97567],[3587.5,0.278],[3587.23,0.18],[3587.22,0.40063],[3587.21,1.11859],[3587.12,0.02146],[3587.11,0.02608],[3587.1,0.2021],[3586.98,0.07529],[3586.96,0.2436],[3586.94,0.32775],[3586.9,0.004],[3586.82,0.008],[3586.78,0.39689],[3586.77,1.31859]],"asks":[[3587.81,5.69542],[3587.99,0.69899],[3588.25,0.18],[3588.26,0.92994],[3588.27,2.83602],[3588.28,0.27937],[3588.29,0.36],[3588.36,0.0021],[3588.37,0.06475],[3588.45,0.6968],[3588.65,0.24263],[3588.67,0.22439],[3588.72,0.16631],[3588.73,0.0021],[3588.76,0.43052],[3588.77,0.98],[3588.78,0.07529],[3588.79,0.3735],[3588.8,0.08712],[3588.84,0.33222]]},"raw":{}}
{"exchange":"bybit","instance_id":"B","symbol":"ETH-USD","event_ts":1762205085.699,"seq":50143727,"depth":{"last_seq":50143727,"bids":[[3587.8,2.51959],[3587.7,0.33263],[3587.64,0.13938999999999999],[3587.63,0.69696],[3587.52,0.64377],[3587.51,0.97567],[3587.5,0.278],[3587.23,0.18],[3587.22,0.40063],[3587.21,1.11859],[3587.12,0.02146],[3587.11,0.02608],[3587.1,0.2021],[3586.98,0.07529],[3586.96,0.2436],[3586.94,0.32775],[3586.9,0.004],[3586.82,0.008],[3586.78,0.39689],[3586.77,1.31859]],"asks":[[3587.81,5.69542],[3587.99,0.69899],[3588.25,0.18],[3588.26,0.92994],[3588.27,2.83602],[3588.28,0.27937],[3588.29,0.36],[3588.36,0.0021],[3588.37,0.06475],[3588.45,0.6968],[3588.65,0.24263],[3588.67,0.22439],[3588.72,0.16631],[3588.73,0.0021],[3588.76,0.43052],[3588.77,0.98],[3588.78,0.07529],[3588.79,0.3735],[3588.8,0.08712],[3588.84,0.33222]]},"raw":{}}
{"exchange":"bybit","instance_id":"B","symbol":"ETH-USD","event_ts":1762205085.719,"seq":50143728,"depth":{"last_seq":50143728,"bids":[[3587.7,2.68786],[3587.64,2.24],[3587.63,2.93696],[3587.52,0.64377],[3587.51,0.97567],[3587.5,0.278],[3587.23,0.18],[3587.22,0.58063],[3587.21,1.11859],[3587.12,0.02146],[3587.11,0.00108],[3587.1,0.2021],[3586.98,0.07529],[3586.96,0.2686],[3586.94,0.32775],[3586.9,0.004],[3586.82,0.008],[3586.78,0.39689],[3586.77,1.31859],[3586.74,0.0021]],"asks":[[3587.71,4.09712],[3587.78,0.16727],[3587.8,0.26763],[3587.81,0.0184],[3587.99,0.69899],[3588.25,0.18],[3588.26,0.92994],[3588.27,2.83602],[3588.28,0.27937],[3588.29,0.36],[3588.36,0.0021],[3588.37,0.06475],[3588.45,0.6968],[3588.65,0.24263],[3588.67,0.22439],[3588.72,0.16631],[3588.73,0.0021],[3588.76,0.43052],[3588.77,0.98],[3588.78,0.07529]]},"raw":{}}
{"exchange":"bybit","instance_id":"B","symbol":"ETH-USD","event_ts":1762205085.739,"seq":50143729,"depth":{"last_seq":50143729,"bids":[[3587.7,4.98361],[3587.65,1.54532],[3587.63,0.69696],[3587.52,0.64377],[3587.51,0.97567],[3587.5,0.278],[3587.23,0.18],[3587.22,0.58063],[3587.21,1.11859],[3587.12,0.02146],[3587.11,0.00108],[3587.1,0.2021],[3587.01,0.025],[3586.98,0.07529],[3586.96,0.2436],[3586.94,0.32775],[3586.9,0.004],[3586.82,0.008],[3586.78,0.39689],[3586.77,1.31859]],"asks":[[3587.71,5.09409],[3587.8,0.26763],[3587.81,0.0184],[3587.99,0.69899],[3588.25,0.18],[3588.26,0.92994],[3588.27,2.83602],[3588.28,0.27937],[3588.29,0.36],[3588.36,0.0021],[3588.37,0.06475],[3588.45,0.6968],[3588.65,0.24263],[3588.67,0.22439],[3588.72,0.16631],[3588.73,0.0021],[3588.76,0.43052],[3588.77,0.98],[3588.78,0.07529],[3588.79,0.3735]]},"raw":{}}
{"exchange":"bybit","instance_id":"B","symbol":"ETH-USD","event_ts":1762205085.759,"seq":50143730,"depth":{"last_seq":50143730,"bids":[[3587.7,4.98361],[3587.63,0.69696],[3587.52,0.64377],[3587.51,0.97567],[3587.5,0.278],[3587.23,0.18],[3587.22,0.58063],[3587.21,1.11859],[3587.12,0.02146],[3587.11,0.00108],[3587.1,0.2021],[3587.01,0.025],[3586.98,0.07529],[3586.96,0.2436],[3586.94,0.32775],[3586.9,0.004],[3586.82,0.008],[3586.78,0.39689],[3586.77,1.31859],[3586.74,0.0021]],"asks":[[3587.71,5.09409],[3587.8,0.26763],[3587.81,0.0184],[3587.99,0.69899],[3588.25,0.18],[3588.26,0.92994],[3588.27,2.83602],[3588.28,0.27937],[3588.29,0.36],[3588.36,0.0021],[3588.37,0.06475],[3588.45,0.6968],[3588.55,0.24123],[3588.65,0.24263],[3588.67,0.22439],[3588.72,0.16631],[3588.73,0.0021],[3588.76,0.43052],[3588.77,0.98],[3588.78,0.07529]]},"raw":{}}
{"exchange":"bybit","instance_id":"B","symbol":"ETH-USD","event_ts":1762205085.839,"seq":50143731,"depth":{"last_seq":50143731,"bids":[[3587.7,4.98361],[3587.63,0.69696],[3587.52,0.64377],[3587.51,0.97567],[3587.5,0.278],[3587.23,0.18],[3587.22,0.58063],[3587.21,1.11859],[3587.12,0.20146],[3587.11,0.00108],[3587.1,0.2021],[3587.01,0.025],[3586.98,0.07529],[3586.96,0.2436],[3586.94,0.32775],[3586.9,0.004],[3586.82,0.008],[3586.78,0.39689],[3586.77,1.31859],[3586.74,0.0021]],"asks":[[3587.71,5.09409],[3587.8,0.26763],[3587.81,0.0184],[3587.99,0.69899],[3588.25,0.18],[3588.26,1.10994],[3588.27,2.83602],[3588.28,0.27937],[3588.29,0.36],[3588.35,0.18],[3588.36,0.0021],[3588.37,0.06475],[3588.45,0.6968],[3588.55,0.24123],[3588.65,0.24263],[3588.67,0.22439],[3588.72,0.16631],[3588.73,0.0021],[3588.76,0.43052],[3588.77,0.98]]},"raw":{}}
{"exchange":"bybit","instance_id":"B","symbol":"ETH-USD","event_ts":1762205085.859,"seq":50143732,"depth":{"last_seq":50143732,"bids":[[3587.7,4.98361],[3587.63,0.69696],[3587.52,0.64377],[3587.51,0.97567],[3587.5,0.278],[3587.23,0.18],[3587.22,0.58063],[3587.21,1.11859],[3587.12,0.20146],[3587.11,0.00108],[3587.1,0.2021],[3587.01,0.025],[3586.98,0.07529],[3586.96,0.2436],[3586.94,0.32775],[3586.9,0.004],[3586.82,0.008],[3586.78,0.39689],[3586.77,1.31859],[3586.74,0.0021]],"asks":[[3587.71,5.09409],[3587.8,0.26763],[3587.81,0.0184],[3587.99,0.69899],[3588.25,0.18],[3588.26,1.10994],[3588.27,2.83602],[3588.28,0.27937],[3588.29,0.36],[3588.35,0.18],[3588.36,0.0021],[3588.37,0.06475],[3588.45,0.6968],[3588.55,0.24123],[3588.67,0.22439],[3588.72,0.16631],[3588.73,0.0021],[3588.76,0.43052],[3588.77,0.98],[3588.78,0.07529]]},"raw":{}}
{"exchange":"bybit","instance_id":"B","symbol":"ETH-USD","event_ts":1762205085.88,"seq":50143733,"depth":{"last_seq":50143733,"bids":[[3587.7,4.98361],[3587.63,0.69696],[3587.52,0.64377],[3587.51,0.97567],[3587.5,0.278],[3587.23,0.18],[3587.22,0.58063],[3587.21,1.11859],[3587.12,0.20146],[3587.11,0.00108],[3587.1,0.2021],[3587.01,0.025],[3586.98,0.07529],[3586.96,0.2436],[3586.94,0.32775],[3586.9,0.004],[3586.82,0.008],[3586.78,0.39689],[3586.77,1.31859],[3586.74,0.0021]],"asks":[[3587.71,5.09409],[3587.8,0.26763],[3587.81,0.0184],[3587.99,0.69899],[3588.25,0.18],[3588.26,1.10994],[3588.27,2.83602],[3588.28,0.27937],[3588.29,0.36],[3588.35,0.18],[3588.36,0.0021],[3588.37,0.06475],[3588.45,0.6968],[3588.55,0.24123],[3588.67,0.22439],[3588.72,0.16631],[3588.73,0.0021],[3588.76,0.43052],[3588.77,0.98],[3588.78,0.07529]]},"raw":{}}
{"exchange":"bybit","instance_id":"B","symbol":"ETH-USD","event_ts":1762205086.019,"seq":50143734,"depth":{"last_seq":50143734,"bids":[[3587.7,4.98361],[3587.63,0.69696],[3587.52,0.64377],[3587.51,0.97567],[3587.5,0.278],[3587.23,0.18],[3587.22,0.58063],[3587.21,1.11859],[3587.12,0.20146],[3587.11,0.00108],[3587.1,0.2021],[3587.01,0.025],[3586.98,0.07529],[3586.96,0.2436],[3586.94,0.32775],[3586.9,0.004],[3586.82,0.008],[3586.78,0.39689],[3586.77,1.31859],[3586.74,0.0021]],"asks":[[3587.71,5.09409],[3587.8,0.26763],[3587.99,0.69899],[3588.25,0.18],[3588.26,1.10994],[3588.27,2.83602],[3588.28,0.27937],[3588.29,0.36],[3588.35,0.18],[3588.36,0.0021],[3588.37,0.06475],[3588.45,0.6968],[3588.55,0.24123],[3588.67,0.22439],[3588.72,0.16631],[3588.73,0.0021],[3588.76,0.43052],[3588.77,0.98],[3588.78,0.07529],[3588.79,0.3735]]},"raw":{}}
{"exchange":"bybit","instance_id":"B","symbol":"ETH-USD","event_ts":1762205086.039,"seq":50143735,"depth":{"last_seq":50143735,"bids":[[3587.7,4.98361],[3587.63,0.69696],[3587.52,0.64377],[3587.51,0.97567],[3587.5,0.278],[3587.23,0.18],[3587.22,0.58063],[3587.21,1.11859],[3587.12,0.20146],[3587.11,0.00108],[3587.1,0.2021],[3587.01,0.025],[3586.98,0.07529],[3586.96,0.2436],[3586.94,0.32775],[3586.9,0.004],[3586.82,0.008],[3586.78,0.39689],[3586.77,1.31859],[3586.74,0.0021]],"asks":[[3587.71,5.09409],[3587.8,0.26763],[3587.99,0.69899],[3588.25,0.18],[3588.26,1.10994],[3588.27,2.83602],[3588.28,0.27937],[3588.29,0.36],[3588.35,0.18],[3588.36,0.0021],[3588.37,0.06475],[3588.55,0.24123],[3588.67,0.22439],[3588.72,0.16631],[3588.73,0.0021],[3588.76,0.43052],[3588.77,0.98],[3588.78,0.07529],[3588.79,0.3735],[3588.8,0.08712]]},"raw":{}}
{"exchange":"bybit","instance_id":"B","symbol":"ETH-USD","event_ts":1762205086.06,"seq":50143736,"depth":{"last_seq":50143736,"bids":[[3587.7,4.98361],[3587.63,0.99696],[3587.52,0.64377],[3587.51,0.97567],[3587.5,0.278],[3587.23,0.18],[3587.22,0.58063],[3587.21,1.11859],[3587.12,0.20146],[3587.11,0.00108],[3587.1,0.2021],[3587.01,0.025],[3586.98,0.07529],[3586.96,0.2436],[3586.94,0.32775],[3586.9,0.004],[3586.82,0.008],[3586.78,0.39689],[3586.77,1.31859],[3586.74,0.0021]],"asks":[[3587.71,5.23348],[3587.8,0.26763],[3587.96,0.6969],[3587.99,0.69899],[3588.25,0.18],[3588.26,1.10994],[3588.27,2.83602],[3588.28,0.27937],[3588.29,0.36],[3588.35,0.18],[3588.36,0.0021],[3588.37,0.06475],[3588.55,0.24123],[3588.67,0.22439],[3588.72,0.16631],[3588.73,0.0021],[3588.76,0.43052],[3588.77,0.98],[3588.78,0.07529],[3588.79,0.3735]]},"raw":{}}
{"exchange":"bybit","instance_id":"B","symbol":"ETH-USD","event_ts":1762205086.079,"seq":50143737,"depth":{"last_seq":50143737,"bids":[[3587.7,4.98361],[3587.64,0.29759],[3587.63,0.99696],[3587.52,0.64377],[3587.51,0.97567],[3587.5,0.278],[3587.23,0.18],[3587.22,0.58063],[3587.21,1.11859],[3587.12,0.20146],[3587.11,0.00108],[3587.1,0.2021],[3587.01,0.025],[3586.98,0.07529],[3586.96,0.2436],[3586.94,0.32775],[3586.9,0.004],[3586.82,0.008],[3586.78,0.39689],[3586.77,1.31859]],"asks":[[3587.71,5.23348],[3587.8,0.26763],[3587.96,0.6969],[3587.99,0.69899],[3588.25,0.18],[3588.26,1.10994],[3588.27,2.83602],[3588.28,0.27937],[3588.29,0.36],[3588.35,0.18],[3588.36,0.0021],[3588.37,0.06475],[3588.55,0.24123],[3588.67,0.22439],[3588.72,0.16631],[3588.73,0.0021],[3588.76,0.43052],[3588.77,0.98],[3588.78,0.07529],[3588.79,0.3735]]},"raw":{}}
{"exchange":"bybit","instance_id":"B","symbol":"ETH-USD","event_ts":1762205086.219,"seq":50143738,"depth":{"last_seq":50143738,"bids":[[3587.7,5.4017],[3587.64,0.29759],[3587.63,0.99696],[3587.52,0.64377],[3587.51,0.97567],[3587.5,0.278],[3587.23,0.18],[3587.22,0.58063],[3587.21,1.11859],[3587.12,0.20146],[3587.11,0.00108],[3587.1,0.2021],[3587.01,0.025],[3586.98,0.07529],[3586.96,0.2436],[3586.94,0.32775],[3586.9,0.004],[3586.82,0.008],[3586.78,0.39689],[3586.77,1.31859]],"asks":[[3587.71,5.23348],[3587.8,0.26763],[3587.96,0.6969],[3587.99,0.69899],[3588.25,0.18],[3588.26,1.10994],[3588.27,2.83602],[3588.28,0.27937],[3588.29,0.36],[3588.35,0.18],[3588.36,0.0021],[3588.37,0.06475],[3588.55,0.24123],[3588.67,0.22439],[3588.72,0.16631],[3588.73,0.0021],[3588.76,0.43052],[3588.77,0.98],[3588.78,0.07529],[3588.79,0.3735]]},"raw":{}}
{"exchange":"bybit","instance_id":"B","symbol":"ETH-USD","event_ts":1762205086.299,"seq":50143739,"depth":{"last_seq":50143739,"bids":[[3587.7,5.4017],[3587.64,0.29759],[3587.63,0.99696],[3587.52,0.64377],[3587.51,0.97567],[3587.5,0.278],[3587.23,0.18],[3587.22,0.58063],[3587.21,1.11859],[3587.12,0.20146],[3587.11,0.00108],[3587.1,0.2021],[3587.01,0.025],[3586.98,0.07529],[3586.96,0.2436],[3586.94,0.32775],[3586.9,0.004],[3586.82,0.008],[3586.78,0.39689],[3586.77,1.31859]],"asks":[[3587.71,5.23348],[3587.8,0.26763],[3587.96,0.6969],[3587.99,0.69899],[3588.25,0.18],[3588.26,1.10994],[3588.27,2.83602],[3588.28,0.27937],[3588.29,0.36],[3588.35,0.18],[3588.36,0.0021],[3588.37,0.06475],[3588.55,0.24123],[3588.67,0.22439],[3588.72,0.16631],[3588.73,0.0021],[3588.76,0.43052],[3588.77,0.98],[3588.78,0.07529],[3588.79,0.3735]]},"raw":{}}
{"exchange":"bybit","instance_id":"B","symbol":"ETH-USD","event_ts":1762205086.359,"seq":50143740,"depth":{"last_seq":50143740,"bids":[[3587.7,5.4017],[3587.64,0.29759],[3587.63,0.99696],[3587.52,0.64377],[3587.51,0.97567],[3587.5,0.278],[3587.23,0.18],[3587.22,0.58063],[3587.21,1.11859],[3587.12,0.20146],[3587.11,0.00108],[3587.1,0.2021],[3587.01,0.025],[3586.98,0.07529],[3586.96,0.2436],[3586.94,0.32775],[3586.9,0.004],[3586.82,0.008],[3586.78,0.39689],[3586.77,1.31859]],"asks":[[3587.71,5.23348],[3587.8,0.26763],[3587.96,0.6969],[3587.99,0.69899],[3588.25,0.18],[3588.26,1.10994],[3588.27,2.83602],[3588.28,0.27937],[3588.29,0.36],[3588.35,0.18],[3588.36,0.0021],[3588.37,0.06475],[3588.55,0.24123],[3588.67,0.22439],[3588.72,0.16631],[3588.73,0.0021],[3588.76,0.43052],[3588.77,0.98],[3588.78,0.07529],[3588.79,0.3735]]},"raw":{}}
{"exchange":"bybit","instance_id":"B","symbol":"ETH-USD","event_ts":1762205086.499,"seq":50143741,"depth":{"last_seq":50143741,"bids":[[3587.7,5.4017],[3587.64,0.29759],[3587.63,0.99696],[3587.52,0.64377],[3587.51,0.97567],[3587.5,0.278],[3587.23,0.18],[3587.22,0.58063],[3587.21,1.11859],[3587.12,0.20146],[3587.11,0.00108],[3587.1,0.2021],[3587.01,0.025],[3586.98,0.07529],[3586.96,0.2436],[3586.94,0.32775],[3586.9,0.004],[3586.82,0.008],[3586.78,0.39689],[3586.77,1.31859]],"asks":[[3587.71,5.23348],[3587.8,0.26763],[3587.96,0.6969],[3587.99,0.69899],[3588.25,0.18],[3588.26,1.10994],[3588.27,2.83602],[3588.28,0.27937],[3588.29,0.36],[3588.35,0.18],[3588.36,0.0021],[3588.37,0.06475],[3588.55,0.24123],[3588.67,0.22439],[3588.72,0.16631],[3588.73,0.0021],[3588.76,0.43052],[3588.77,0.98],[3588.78,0.07529],[3588.79,0.3735]]},"raw":{}}
{"exchange":"bybit","instance_id":"B","symbol":"ETH-USD","event_ts":1762205086.559,"seq":50143742,"depth":{"last_seq":50143742,"bids":[[3587.7,5.4017],[3587.64,0.29759],[3587.63,0.99696],[3587.52,0.18],[3587.51,0.97567],[3587.5,0.278],[3587.23,0.18],[3587.22,0.58063],[3587.21,1.11859],[3587.12,0.20146],[3587.11,0.00108],[3587.1,0.2021],[3587.01,0.025],[3586.98,0.07529],[3586.96,0.2436],[3586.94,0.32775],[3586.9,0.004],[3586.82,0.008],[3586.78,0.39689],[3586.77,1.31859]],"asks":[[3587.71,5.23348],[3587.8,0.26763],[3587.96,0.6969],[3587.99,0.69899],[3588.25,0.18],[3588.26,1.10994],[3588.27,2.83602],[3588.28,0.27937],[3588.29,0.36],[3588.35,0.18],[3588.36,0.0021],[3588.37,0.06475],[3588.55,0.24123],[3588.67,0.22439],[3588.72,0.16631],[3588.73,0.0021],[3588.76,0.43052],[3588.77,0.98],[3588.78,0.07529],[3588.79,0.3735]]},"raw":{}}
{"exchange":"bybit","instance_id":"B","symbol":"ETH-USD","event_ts":1762205086.579,"seq":50143743,"depth":{"last_seq":50143743,"bids":[[3587.7,0.44595],[3587.63,0.69696],[3587.51,0.97567],[3587.5,0.278],[3587.11,0.00108],[3587.1,0.2021],[3587.01,0.025],[3586.96,0.2436],[3586.94,0.32775],[3586.9,0.004],[3586.83,0.07529],[3586.82,0.008],[3586.78,0.39689],[3586.77,1.31859],[3586.74,0.0021],[3586.73,0.00894],[3586.66,0.016],[3586.62,0.04021],[3586.61,0.86234],[3586.6,1.00184]],"asks":[[3587.71,5.34648],[3587.8,0.26763],[3587.96,0.6969],[3587.99,0.69899],[3588.24,8.18394],[3588.25,0.18],[3588.26,1.10994],[3588.27,2.83602],[3588.28,0.27937],[3588.29,0.36],[3588.35,0.18],[3588.36,0.0021],[3588.37,0.06475],[3588.55,0.24123],[3588.63,0.07529],[3588.67,0.22439],[3588.72,0.16631],[3588.73,0.0021],[3588.76,0.43052],[3588.77,1.159]]},"raw":{}}
{"exchange":"bybit","instance_id":"B","symbol":"ETH-USD","event_ts":1762205086.599,"seq":50143744,"depth":{"last_seq":50143744,"bids":[[3587.7,0.44595],[3587.63,0.69696],[3587.51,0.97567],[3587.5,0.278],[3587.11,0.00108],[3587.1,0.2021],[3587.01,0.025],[3586.96,0.2436],[3586.94,0.32775],[3586.9,0.004],[3586.82,0.008],[3586.81,0.07529],[3586.78,0.39689],[3586.77,1.31859],[3586.74,0.0021],[3586.73,0.00894],[3586.66,0.016],[3586.62,0.04021],[3586.61,0.86234],[3586.51,1.85828]],"asks":[[3587.71,5.34648],[3587.8,0.26763],[3587.95,0.41667],[3587.96,0.6969],[3587.99,0.69899],[3588.23,2.83267],[3588.24,8.18394],[3588.25,0.18],[3588.26,1.10994],[3588.28,0.27937],[3588.29,0.36],[3588.35,0.18],[3588.36,0.0021],[3588.37,0.06475],[3588.55,0.24123],[3588.61,0.07529],[3588.67,0.22439],[3588.72,0.16631],[3588.73,0.0021],[3588.76,0.43052]]},"raw":{}}
{"exchange":"bybit","instance_id":"B","symbol":"ETH-USD","event_ts":1762205086.619,"seq":50143745,"depth":{"last_seq":50143745,"bids":[[3587.51,0.27869],[3587.5,0.278],[3587.11,0.00108],[3587.1,0.2021],[3586.96,0.2436],[3586.94,0.32775],[3586.9,0.004],[3586.82,0.033],[3586.81,0.07529],[3586.79,0.77212],[3586.78,0.39689],[3586.77,0.2],[3586.74,0.0021],[3586.73,0.00894],[3586.66,0.016],[3586.62,0.04021],[3586.61,0.5547],[3586.42,0.005],[3586.38,0.00209],[3586.34,0.032]],"asks":[[3587.52,11.17636],[3587.61,0.69697],[3587.7,2.01401],[3587.8,0.26763],[3587.94,0.18],[3587.95,0.41667],[3587.96,0.6969],[3587.99,0.0021],[3588.22,3.76677],[3588.24,8.18394],[3588.25,0.18],[3588.36,0.0021],[3588.37,0.06475],[3588.55,0.24123],[3588.61,0.07529],[3588.67,0.22439],[3588.72,0.16631],[3588.73,0.0021],[3588.76,0.43052],[3588.77,1.159]]},"raw":{}}
{"exchange":"bybit","instance_id":"B","symbol":"ETH-USD","event_ts":1762205086.639,"seq":50143746,"depth":{"last_seq":50143746,"bids":[[3587.11,9.51204],[3587.1,0.2021],[3586.94,0.32775],[3586.9,0.004],[3586.82,0.033],[3586.8,0.29347],[3586.79,0.77212],[3586.78,1.11859],[3586.77,0.2],[3586.74,0.0021],[3586.73,0.00894],[3586.66,0.016],[3586.62,0.04021],[3586.6,0.0753],[3586.38,0.00209],[3586.34,0.032],[3586.32,1.12606],[3586.31,0.48586],[3586.3,1.11859],[3586.23,0.02184]],"asks":[[3587.12,3.52644],[3587.17,0.033],[3587.29,0.191],[3587.51,0.0047],[3587.52,10.42844],[3587.6,0.33285],[3587.61,0.69697],[3587.7,0.41809],[3587.8,0.26763],[3587.94,0.18],[3587.99,0.0021],[3588.02,0.2794],[3588.22,0.18],[3588.24,8.18394],[3588.36,0.0021],[3588.37,0.06475],[3588.4,0.0753],[3588.55,0.24123],[3588.67,0.22439],[3588.72,0.16631]]},"raw":{}}
{"exchange":"bybit","instance_id":"B","symbol":"ETH-USD","event_ts":1762205086.659,"seq":50143747,"depth":{"last_seq":50143747,"bids":[[3587.11,9.81794],[3587.1,0.2021],[3587.06,0.27872],[3586.94,0.32775],[3586.9,0.004],[3586.82,0.033],[3586.8,0.29347],[3586.78,1.11859],[3586.77,0.2],[3586.74,0.0021],[3586.73,0.00894],[3586.66,0.016],[3586.62,0.04021],[3586.38,0.00209],[3586.34,0.032],[3586.33,0.33613],[3586.31,0.48586],[3586.3,1.11859],[3586.27,0.24207],[3586.24,0.17875]],"asks":[[3587.12,3.70371],[3587.51,3.11289],[3587.52,0.18],[3587.6,0.33285],[3587.61,0.69697],[3587.62,0.0021],[3587.7,0.41809],[3587.8,0.26763],[3587.94,0.18],[3587.99,0.0021],[3588.02,0.2794],[3588.22,0.18],[3588.24,8.18394],[3588.3,0.0753],[3588.36,0.0021],[3588.37,0.06475],[3588.46,0.27873],[3588.67,0.22439],[3588.72,0.16631],[3588.73,0.0021]]},"raw":{}}
{"exchange":"bybit","instance_id":"B","symbol":"ETH-USD","event_ts":1762205086.679,"seq":50143748,"depth":{"last_seq":50143748,"bids":[[3587.11,9.81794],[3587.1,0.2021],[3587.06,0.27872],[3586.94,0.32775],[3586.9,0.004],[3586.82,0.033],[3586.8,0.29347],[3586.78,1.11859],[3586.77,0.2],[3586.74,0.0021],[3586.73,0.00894],[3586.66,0.016],[3586.62,0.04021],[3586.47,0.0753],[3586.38,0.00209],[3586.34,0.032],[3586.31,0.48586],[3586.3,1.11859],[3586.27,0.24207],[3586.24,0.17875]],"asks":[[3587.12,3.70371],[3587.52,0.18],[3587.6,0.33285],[3587.61,0.69697],[3587.62,0.0021],[3587.7,0.41809],[3587.8,0.26763],[3587.94,0.18],[3587.99,0.0021],[3588.02,0.2794],[3588.22,0.18],[3588.23,2.44291],[3588.24,8.18394],[3588.27,0.0753],[3588.36,0.0021],[3588.37,0.06475],[3588.46,0.27873],[3588.67,0.22439],[3588.72,0.16631],[3588.73,0.0021]]},"raw":{}}
{"exchange":"bybit","instance_id":"B","symbol":"ETH-USD","event_ts":1762205086.7,"seq":50143749,"depth":{"last_seq":50143749,"bids":[[3587.11,9.81794],[3587.1,0.2021],[3587.06,0.27872],[3586.94,0.32775],[3586.9,0.004],[3586.82,0.033],[3586.8,0.29347],[3586.78,1.11859],[3586.77,0.2],[3586.74,0.0021],[3586.73,0.00894],[3586.66,0.016],[3586.62,0.04021],[3586.47,0.0753],[3586.38,0.00209],[3586.34,0.032],[3586.31,0.48586],[3586.3,1.11859],[3586.27,0.24207],[3586.24,0.17875]],"asks":[[3587.12,3.70371],[3587.52,0.18],[3587.6,0.33285],[3587.61,0.69697],[3587.62,0.0021],[3587.7,0.41809],[3587.8,0.26763],[3587.94,0.18],[3587.96,0.24112],[3587.99,0.0021],[3588.02,0.2794],[3588.22,0.18],[3588.23,2.44291],[3588.24,8.18394],[3588.27,0.0753],[3588.36,0.0021],[3588.37,0.06475],[3588.46,0.27873],[3588.67,0.22439],[3588.72,0.16631]]},"raw":{}}
{"exchange":"bybit","instance_id":"B","symbol":"ETH-USD","event_ts":1762205086.719,"seq":50143750,"depth":{"last_seq":50143750,"bids":[[3587.11,10.2361],[3587.1,0.2021],[3587.06,0.27872],[3586.94,0.32775],[3586.9,0.004],[3586.82,0.033],[3586.8,0.29347],[3586.78,1.11859],[3586.77,0.2],[3586.74,0.0021],[3586.73,0.00894],[3586.66,0.016],[3586.62,0.04021],[3586.47,0.0753],[3586.38,0.00209],[3586.34,0.032],[3586.31,0.48586],[3586.3,1.11859],[3586.27,0.24207],[3586.24,0.17875]],"asks":[[3587.12,1.06969],[3587.52,0.18],[3587.6,0.33285],[3587.61,0.69697],[3587.62,0.0021],[3587.7,0.41809],[3587.8,0.26763],[3587.94,0.18],[3587.96,0.24112],[3587.99,0.0021],[3588.02,0.2794],[3588.22,0.18],[3588.23,2.44291],[3588.24,8.18394],[3588.27,0.0753],[3588.36,0.0021],[3588.37,0.06475],[3588.46,0.27873],[3588.67,0.22439],[3588.72,0.16631]]},"raw":{}}
{"exchange":"bybit","instance_id":"B","symbol":"ETH-USD","event_ts":1762205086.739,"seq":50143751,"depth":{"last_seq":50143751,"bids":[[3587.11,10.2361],[3587.1,0.2021],[3587.06,0.27872],[3586.94,0.32775],[3586.9,0.004],[3586.82,0.008],[3586.8,0.29347],[3586.78,1.11859],[3586.77,0.2],[3586.74,0.0021],[3586.73,0.00894],[3586.66,0.016],[3586.62,0.04021],[3586.47,0.0753],[3586.42,0.025],[3586.39,0.00152],[3586.38,0.00209],[3586.34,0.032],[3586.31,0.48586],[3586.3,1.11859]],"asks":[[3587.12,0.17727],[3587.52,0.18],[3587.6,0.33285],[3587.61,0.69697],[3587.62,0.0021],[3587.7,0.41809],[3587.8,0.26763],[3587.94,0.18],[3587.96,0.24112],[3587.99,0.0021],[3588.02,0.2794],[3588.22,0.18],[3588.23,2.44291],[3588.24,8.18394],[3588.27,0.0753],[3588.36,0.0021],[3588.37,0.06475],[3588.46,0.27873],[3588.67,0.22439],[3588.72,0.16631]]},"raw":{}}
{"exchange":"bybit","instance_id":"B","symbol":"ETH-USD","event_ts":1762205086.759,"seq":50143752,"depth":{"last_seq":50143752,"bids":[[3587.11,10.29186],[3587.1,0.2021],[3587.06,0.27872],[3586.94,0.32775],[3586.9,0.004],[3586.82,0.008],[3586.8,0.29347],[3586.78,1.11859],[3586.77,0.2],[3586.74,0.0021],[3586.73,0.00894],[3586.66,0.016],[3586.62,0.04021],[3586.47,0.0753],[3586.42,0.025],[3586.39,0.00152],[3586.38,0.00209],[3586.34,0.032],[3586.31,0.48586],[3586.3,1.11859]],"asks":[[3587.12,0.17727],[3587.52,0.18],[3587.6,0.33285],[3587.61,0.69697],[3587.62,0.0021],[3587.7,0.41809],[3587.8,0.26763],[3587.94,0.18],[3587.96,0.24112],[3587.99,0.0021],[3588.02,0.2794],[3588.21,0.67563],[3588.22,0.18],[3588.23,2.44291],[3588.24,8.18394],[3588.27,0.0753],[3588.36,0.0021],[3588.37,0.06475],[3588.46,0.27873],[3588.67,0.22439]]},"raw":{}}
{"exchange":"bybit","instance_id":"B","symbol":"ETH-USD","event_ts":1762205086.779,"seq":50143753,"depth":{"last_seq":50143753,"bids":[[3587.11,10.29186],[3587.1,0.2021],[3587.06,0.27872],[3586.94,0.32775],[3586.9,0.004],[3586.82,0.008],[3586.8,0.29347],[3586.78,1.11859],[3586.77,0.2],[3586.74,0.0021],[3586.73,0.00894],[3586.66,0.016],[3586.62,0.04021],[3586.47,0.0753],[3586.42,0.025],[3586.39,0.00152],[3586.38,0.00209],[3586.34,0.032],[3586.31,0.76883],[3586.3,1.11859]],"asks":[[3587.12,0.17727],[3587.52,0.18],[3587.6,0.33285],[3587.61,0.69697],[3587.62,0.0021],[3587.7,0.41809],[3587.8,0.26763],[3587.94,0.18],[3587.96,0.24112],[3587.99,0.0021],[3588.02,0.2794],[3588.21,0.67563],[3588.22,0.18],[3588.23,2.44291],[3588.24,8.18394],[3588.27,0.0753],[3588.36,0.0021],[3588.37,0.06475],[3588.46,0.27873],[3588.67,0.22439]]},"raw":{}}
{"exchange":"bybit","instance_id":"B","symbol":"ETH-USD","event_ts":1762205086.799,"seq":50143754,"depth":{"last_seq":50143754,"bids":[[3587.11,10.29186],[3587.1,0.2021],[3587.06,0.27872],[3586.94,0.32775],[3586.9,0.004],[3586.82,0.008],[3586.8,0.29347],[3586.78,1.11859],[3586.77,0.2],[3586.74,0.0021],[3586.73,0.00894],[3586.66,0.016],[3586.62,0.04021],[3586.47,0.0753],[3586.42,0.025],[3586.39,0.00152],[3586.38,0.00209],[3586.34,0.032],[3586.31,0.76883],[3586.3,1.11859]],"asks":[[3587.12,0.17727],[3587.52,0.18],[3587.6,0.33285],[3587.61,0.69697],[3587.62,0.0021],[3587.7,0.41809],[3587.8,0.26763],[3587.94,0.18],[3587.96,0.24112],[3587.99,0.0021],[3588.02,0.2794],[3588.21,0.67563],[3588.22,0.18],[3588.23,2.44291],[3588.24,8.18394],[3588.27,0.0753],[3588.36,0.0021],[3588.37,0.06475],[3588.46,0.27873],[3588.67,0.22439]]},"raw":{}}
{"exchange":"bybit","instance_id":"B","symbol":"ETH-USD","event_ts":1762205086.819,"seq":50143755,"depth":{"last_seq":50143755,"bids":[[3587.11,10.29186],[3587.1,0.2021],[3587.06,0.27872],[3586.94,0.32775],[3586.9,0.004],[3586.82,0.008],[3586.8,0.29347],[3586.78,1.11859],[3586.77,0.2],[3586.74,0.0021],[3586.73,0.00894],[3586.66,0.016],[3586.62,0.04021],[3586.47,0.0753],[3586.42,0.025],[3586.39,0.00152],[3586.38,0.00209],[3586.34,0.032],[3586.31,0.76883],[3586.3,1.11859]],"asks":[[3587.12,0.17727],[3587.52,0.18],[3587.6,0.33285],[3587.61,0.69697],[3587.62,0.0021],[3587.7,0.41809],[3587.8,0.26763],[3587.93,2.83814],[3587.94,0.18],[3587.96,0.24112],[3587.99,0.0021],[3588.02,0.2794],[3588.21,0.67563],[3588.22,0.18],[3588.23,2.44291],[3588.24,8.18394],[3588.27,0.0753],[3588.36,0.0021],[3588.37,0.06475],[3588.46,0.27873]]},"raw":{}}
{"exchange":"bybit","instance_id":"B","symbol":"ETH-USD","event_ts":1762205086.839,"seq":50143756,"depth":{"last_seq":50143756,"bids":[[3587.11,10.29186],[3587.1,0.2021],[3587.06,0.27872],[3586.94,0.32775],[3586.9,0.004],[3586.82,0.008],[3586.8,0.29347],[3586.78,1.11859],[3586.77,0.2],[3586.74,0.0021],[3586.73,0.00894],[3586.66,0.016],[3586.62,0.04021],[3586.47,0.0753],[3586.42,0.025],[3586.39,0.00152],[3586.38,0.00209],[3586.34,0.032],[3586.31,0.76883],[3586.3,1.11859]],"asks":[[3587.12,0.17727],[3587.6,0.33285],[3587.61,0.69697],[3587.62,0.0021],[3587.8,0.26763],[3587.92,0.90091],[3587.93,2.83814],[3587.94,0.18],[3587.96,0.24112],[3587.99,0.0021],[3588.02,0.2794],[3588.22,0.18],[3588.23,2.44291],[3588.24,8.18394],[3588.27,0.0753],[3588.36,0.0021],[3588.37,0.06475],[3588.46,0.27873],[3588.67,0.22439],[3588.72,0.16631]]},"raw":{}}
{"exchange":"bybit","instance_id":"B","symbol":"ETH-USD","event_ts":1762205086.859,"seq":50143757,"depth":{"last_seq":50143757,"bids":[[3587.11,10.29186],[3587.1,0.2021],[3587.06,0.27872],[3586.94,0.32775],[3586.9,0.004],[3586.82,0.008],[3586.8,0.29347],[3586.78,1.11859],[3586.77,0.2],[3586.74,0.0021],[3586.73,0.00894],[3586.66,0.016],[3586.62,0.04021],[3586.47,0.0753],[3586.42,0.025],[3586.39,0.00152],[3586.38,0.00209],[3586.34,0.032],[3586.31,0.76883],[3586.3,1.11859]],"asks":[[3587.12,0.17727],[3587.61,0.69697],[3587.62,0.0021],[3587.8,0.26763],[3587.92,0.90091],[3587.93,2.83814],[3587.94,0.18],[3587.96,0.24112],[3587.99,0.0021],[3588.02,0.2794],[3588.22,0.18],[3588.23,2.44291],[3588.24,8.18394],[3588.27,0.0753],[3588.36,0.0021],[3588.37,0.06475],[3588.46,0.27873],[3588.67,0.22439],[3588.72,0.16631],[3588.73,0.0021]]},"raw":{}}
{"exchange":"bybit","instance_id":"B","symbol":"ETH-USD","event_ts":1762205086.879,"seq":50143758,"depth":{"last_seq":50143758,"bids":[[3587.11,10.29186],[3587.1,0.2021],[3587.06,0.27872],[3586.94,0.32775],[3586.9,0.004],[3586.82,0.008],[3586.8,0.29347],[3586.78,1.11859],[3586.77,0.2],[3586.74,0.0021],[3586.73,0.00894],[3586.66,0.016],[3586.62,0.04021],[3586.47,0.0753],[3586.45,0.02146],[3586.42,0.025],[3586.39,0.00152],[3586.38,0.00209],[3586.34,0.032],[3586.31,0.76883]],"asks":[[3587.12,0.21417],[3587.61,0.69697],[3587.62,0.0021],[3587.8,0.26763],[3587.92,0.90091],[3587.93,2.83814],[3587.94,0.18],[3587.96,0.24112],[3587.99,0.0021],[3588.02,0.2794],[3588.22,0.18],[3588.23,2.44291],[3588.24,8.18394],[3588.27,0.0753],[3588.36,0.0021],[3588.37,0.06475],[3588.46,0.27873],[3588.67,0.22439],[3588.72,0.16631],[3588.73,0.0021]]},"raw":{}}
{"exchange":"bybit","instance_id":"B","symbol":"ETH-USD","event_ts":1762205086.899,"seq":50143759,"depth":{"last_seq":50143759,"bids":[[3587.11,10.29186],[3587.1,0.2021],[3587.06,0.27872],[3586.94,0.32775],[3586.9,0.004],[3586.82,0.008],[3586.8,0.29347],[3586.78,1.11859],[3586.77,0.2],[3586.74,0.0021],[3586.73,0.00894],[3586.66,0.016],[3586.62,0.04021],[3586.47,0.0753],[3586.45,0.02146],[3586.42,0.025],[3586.39,0.00152],[3586.38,0.00209],[3586.34,0.032],[3586.31,0.76883]],"asks":[[3587.12,2.87417],[3587.61,0.69697],[3587.62,0.0021],[3587.8,0.26763],[3587.92,0.90091],[3587.93,2.83814],[3587.95,0.36],[3587.96,0.24112],[3587.99,0.0021],[3588.02,0.2794],[3588.23,2.44291],[3588.24,8.18394],[3588.27,0.0753],[3588.36,0.0021],[3588.37,0.06475],[3588.46,0.27873],[3588.67,0.22439],[3588.72,0.16631],[3588.73,0.0021],[3588.76,0.43052]]},"raw":{}}
{"exchange":"bybit","instance_id":"B","symbol":"ETH-USD","event_ts":1762205086.939,"seq":50143760,"depth":{"last_seq":50143760,"bids":[[3587.11,10.29186],[3587.1,0.4521],[3587.06,0.27872],[3586.94,0.32775],[3586.9,0.004],[3586.82,0.008],[3586.8,0.29347],[3586.78,1.11859],[3586.77,0.2],[3586.74,0.0021],[3586.73,0.00894],[3586.66,0.016],[3586.62,0.04021],[3586.47,0.0753],[3586.45,0.02146],[3586.42,0.025],[3586.39,0.00152],[3586.38,0.00209],[3586.34,0.032],[3586.31,0.76883]],"asks":[[3587.12,2.87417],[3587.61,0.69697],[3587.62,0.0021],[3587.8,0.26763],[3587.92,0.90091],[3587.93,2.83814],[3587.95,0.36],[3587.96,0.24112],[3587.99,0.0021],[3588.02,0.2794],[3588.23,2.44291],[3588.24,8.18394],[3588.27,0.0753],[3588.36,0.0021],[3588.37,0.06475],[3588.46,0.27873],[3588.67,0.22439],[3588.72,0.16631],[3588.73,0.0021],[3588.76,0.43052]]},"raw":{}}
{"exchange":"bybit","instance_id":"B","symbol":"ETH-USD","event_ts":1762205086.959,"seq":50143761,"depth":{"last_seq":50143761,"bids":[[3587.11,10.29186],[3587.1,0.4521],[3587.06,0.27872],[3586.94,0.32775],[3586.9,0.004],[3586.82,0.008],[3586.8,0.29347],[3586.78,1.11859],[3586.77,0.2],[3586.74,0.0021],[3586.73,0.00894],[3586.66,0.016],[3586.62,0.04021],[3586.47,0.0753],[3586.45,0.02146],[3586.42,0.025],[3586.39,0.00152],[3586.38,0.00209],[3586.34,0.032],[3586.31,0.76883]],"asks":[[3587.12,0.21417],[3587.61,0.69697],[3587.62,0.0021],[3587.8,0.26763],[3587.92,0.90091],[3587.93,2.83814],[3587.95,0.36],[3587.96,0.24112],[3587.99,0.0021],[3588.02,0.2794],[3588.23,2.44291],[3588.24,8.18394],[3588.27,0.0753],[3588.36,0.0021],[3588.37,0.06475],[3588.46,0.27873],[3588.67,0.22439],[3588.72,0.16631],[3588.73,0.0021],[3588.76,0.43052]]},"raw":{}}
{"exchange":"bybit","instance_id":"B","symbol":"ETH-USD","event_ts":1762205087.1,"seq":50143762,"depth":{"last_seq":50143762,"bids":[[3587.11,10.29186],[3587.1,0.4521],[3587.06,0.27872],[3586.94,0.32775],[3586.9,0.004],[3586.82,0.008],[3586.8,0.29347],[3586.78,1.11859],[3586.77,0.2],[3586.74,0.0021],[3586.73,0.00894],[3586.66,0.016],[3586.62,0.04021],[3586.47,0.0753],[3586.45,0.02146],[3586.42,0.025],[3586.39,0.00152],[3586.38,0.00209],[3586.34,0.032],[3586.31,0.76883]],"asks":[[3587.12,0.21417],[3587.61,0.69697],[3587.62,0.0021],[3587.8,0.26763],[3587.92,0.90091],[3587.93,2.83814],[3587.95,0.36],[3587.96,0.24112],[3587.99,0.0021],[3588.02,0.2794],[3588.23,2.44291],[3588.24,8.18394],[3588.27,0.0753],[3588.36,0.0021],[3588.37,0.06475],[3588.46,0.27873],[3588.67,0.22439],[3588.72,0.16631],[3588.73,0.0021],[3588.76,0.43052]]},"raw":{}}
{"exchange":"bybit","instance_id":"B","symbol":"ETH-USD","event_ts":1762205087.139,"seq":50143763,"depth":{"last_seq":50143763,"bids":[[3587.11,10.29186],[3587.1,0.4521],[3587.06,0.27872],[3586.94,0.32775],[3586.9,0.004],[3586.82,0.008],[3586.8,0.29347],[3586.78,1.11859],[3586.77,0.2],[3586.74,0.0021],[3586.73,0.00894],[3586.66,0.016],[3586.62,0.04021],[3586.47,0.0753],[3586.45,0.02146],[3586.42,0.025],[3586.39,0.00152],[3586.38,0.00209],[3586.34,0.032],[3586.31,0.76883]],"asks":[[3587.12,0.21417],[3587.61,0.69697],[3587.62,0.0021],[3587.8,0.26763],[3587.92,0.90091],[3587.93,2.83814],[3587.95,0.36],[3587.96,0.24112],[3587.99,0.0021],[3588.02,0.2794],[3588.23,2.44291],[3588.24,8.18394],[3588.27,0.0753],[3588.36,0.0021],[3588.37,0.06475],[3588.46,0.27873],[3588.67,0.22439],[3588.72,0.16631],[3588.73,0.0021],[3588.76,0.43052]]},"raw":{}}
{"exchange":"bybit","instance_id":"B","symbol":"ETH-USD","event_ts":1762205087.159,"seq":50143764,"depth":{"last_seq":50143764,"bids":[[3587.6,5.33295],[3587.12,0.18],[3587.11,0.69727],[3587.1,0.2021],[3587.06,0.27872],[3586.94,0.32775],[3586.91,0.025],[3586.9,0.004],[3586.82,0.008],[3586.81,0.18],[3586.8,0.29347],[3586.79,0.18],[3586.78,1.11859],[3586.77,0.2],[3586.74,0.0021],[3586.73,0.00894],[3586.66,0.016],[3586.62,0.04021],[3586.51,0.005],[3586.47,0.0753]],"asks":[[3587.61,3.64672],[3587.62,0.0021],[3587.8,0.26763],[3587.92,0.90091],[3587.93,2.83814],[3587.95,0.36],[3587.99,0.0021],[3588.02,0.2794],[3588.23,2.44291],[3588.24,4.00601],[3588.27,0.0753],[3588.36,0.0021],[3588.37,0.06475],[3588.46,0.27873],[3588.67,0.22439],[3588.72,0.16631],[3588.73,0.0021],[3588.76,0.43052],[3588.77,1.159],[3588.79,0.0948]]},"raw":{}}
{"exchange":"bybit","instance_id":"B","symbol":"ETH-USD","event_ts":1762205087.179,"seq":50143765,"depth":{"last_seq":50143765,"bids":[[3587.6,2.73745],[3587.12,0.53166],[3587.11,0.69727],[3587.1,0.2021],[3587.06,0.27872],[3586.94,0.32775],[3586.91,0.025],[3586.9,0.004],[3586.82,0.008],[3586.81,0.18],[3586.8,0.29347],[3586.79,0.18],[3586.78,1.11859],[3586.77,0.2],[3586.74,0.0021],[3586.73,0.00894],[3586.66,0.016],[3586.62,0.04021],[3586.51,0.005],[3586.48,0.0753]],"asks":[[3587.61,3.64672],[3587.62,0.0021],[3587.8,0.26763],[3587.92,0.90091],[3587.93,2.83814],[3587.95,0.36],[3587.99,0.0021],[3588.02,0.2794],[3588.23,1.21827],[3588.24,4.00601],[3588.28,0.0753],[3588.36,0.0021],[3588.37,0.06475],[3588.46,0.27873],[3588.67,0.22439],[3588.72,0.16631],[3588.73,0.0021],[3588.76,0.43052],[3588.77,1.159],[3588.79,0.0948]]},"raw":{}}
{"exchange":"bybit","instance_id":"B","symbol":"ETH-USD","event_ts":1762205087.199,"seq":50143766,"depth":{"last_seq":50143766,"bids":[[3587.6,5.66325],[3587.12,0.53166],[3587.11,0.69727],[3587.1,0.2021],[3586.94,0.32775],[3586.91,0.025],[3586.9,0.004],[3586.82,0.008],[3586.81,0.18],[3586.8,0.29347],[3586.79,0.18],[3586.78,1.11859],[3586.77,0.2],[3586.74,0.0021],[3586.73,0.00894],[3586.66,0.016],[3586.62,0.04021],[3586.51,0.005],[3586.5,1.8585],[3586.48,0.0753]],"asks":[[3587.61,3.36697],[3587.62,0.0021],[3587.8,0.26763],[3587.92,0.90091],[3587.93,2.83814],[3587.95,0.36],[3587.99,0.0021],[3588.02,0.2794],[3588.23,1.21827],[3588.24,4.00601],[3588.33,0.0753],[3588.36,0.0021],[3588.37,0.06475],[3588.46,0.51985],[3588.67,0.22439],[3588.72,0.16631],[3588.73,0.0021],[3588.76,0.43052],[3588.77,1.159],[3588.79,0.0948]]},"raw":{}}
{"exchange":"bybit","instance_id":"B","symbol":"ETH-USD","event_ts":1762205087.219,"seq":50143767,"depth":{"last_seq":50143767,"bids":[[3587.6,5.66325],[3587.59,0.4181],[3587.2,0.27871],[3587.12,0.53166],[3587.11,0.27911],[3587.1,0.2021],[3586.94,0.32775],[3586.91,0.025],[3586.9,0.004],[3586.82,0.008],[3586.81,0.18],[3586.8,0.29347],[3586.79,0.18],[3586.78,1.11859],[3586.77,0.2],[3586.76,0.24207],[3586.74,0.0021],[3586.73,0.00894],[3586.67,0.07529],[3586.66,0.016]],"asks":[[3587.61,3.36697],[3587.62,0.0021],[3587.8,0.26763],[3587.92,0.90091],[3587.93,2.83814],[3587.95,0.36],[3587.99,0.0021],[3588.02,0.2794],[3588.23,1.21827],[3588.24,4.00601],[3588.36,0.0021],[3588.37,0.06475],[3588.46,0.51985],[3588.47,0.07529],[3588.67,0.22439],[3588.72,0.16631],[3588.73,0.0021],[3588.76,0.43052],[3588.77,1.159],[3588.79,0.0948]]},"raw":{}}
{"exchange":"bybit","instance_id":"B","symbol":"ETH-USD","event_ts":1762205087.24,"seq":50143768,"depth":{"last_seq":50143768,"bids":[[3587.6,5.66325],[3587.59,0.4181],[3587.21,0.28057],[3587.2,0.27871],[3587.12,0.18],[3587.11,0.27911],[3587.1,0.2021],[3586.94,0.32775],[3586.91,0.025],[3586.9,0.004],[3586.82,0.008],[3586.81,0.18],[3586.8,0.29347],[3586.79,0.18],[3586.78,1.11859],[3586.77,0.2],[3586.76,0.24207],[3586.74,0.0021],[3586.73,0.00894],[3586.67,0.07529]],"asks":[[3587.61,3.36697],[3587.62,0.0021],[3587.8,0.26763],[3587.92,0.90091],[3587.93,2.83814],[3587.95,0.36],[3587.99,0.0021],[3588.02,0.2794],[3588.23,1.21827],[3588.24,4.00601],[3588.36,0.0021],[3588.37,0.06475],[3588.46,0.51985],[3588.47,0.07529],[3588.67,0.22439],[3588.72,0.16631],[3588.73,0.0021],[3588.76,0.43052],[3588.77,1.159],[3588.79,0.0948]]},"raw":{}}
{"exchange":"bybit","instance_id":"B","symbol":"ETH-USD","event_ts":1762205087.259,"seq":50143769,"depth":{"last_seq":50143769,"bids":[[3587.6,5.66325],[3587.59,0.4181],[3587.21,0.28057],[3587.2,0.27871],[3587.12,0.18],[3587.11,0.27911],[3587.1,0.2021],[3586.94,0.32775],[3586.91,0.025],[3586.9,0.004],[3586.82,0.008],[3586.81,0.18],[3586.79,0.64915],[3586.78,1.11859],[3586.77,0.2],[3586.76,0.24207],[3586.74,0.0021],[3586.73,0.00894],[3586.67,0.07529],[3586.66,0.016]],"asks":[[3587.61,3.36697],[3587.62,0.0021],[3587.8,0.26763],[3587.92,0.90091],[3587.93,2.83814],[3587.95,0.36],[3587.99,0.0021],[3588.02,0.2794],[3588.23,1.21827],[3588.24,4.00601],[3588.36,0.0021],[3588.37,0.06475],[3588.46,0.51985],[3588.47,0.07529],[3588.67,0.22439],[3588.72,0.16631],[3588.73,0.0021],[3588.76,0.43052],[3588.77,1.159],[3588.79,0.0948]]},"raw":{}}
{"exchange":"bybit","instance_id":"B","symbol":"ETH-USD","event_ts":1762205087.279,"seq":50143770,"depth":{"last_seq":50143770,"bids":[[3587.6,5.66325],[3587.59,0.4181],[3587.22,1.11859],[3587.21,0.28057],[3587.2,0.27871],[3587.12,0.18],[3587.11,0.27911],[3587.1,0.2021],[3586.94,0.32775],[3586.91,0.025],[3586.9,0.004],[3586.82,0.008],[3586.81,0.18],[3586.79,0.64915],[3586.78,1.11859],[3586.77,0.2],[3586.76,0.24207],[3586.74,0.0021],[3586.73,0.00894],[3586.67,0.07529]],"asks":[[3587.61,3.36697],[3587.62,0.0021],[3587.8,0.26763],[3587.92,0.90091],[3587.93,2.83814],[3587.95,0.36],[3587.99,0.0021],[3588.02,0.2794],[3588.23,1.21827],[3588.24,4.00601],[3588.36,0.0021],[3588.37,0.06475],[3588.46,0.51985],[3588.47,0.07529],[3588.67,0.22439],[3588.72,0.16631],[3588.73,0.0021],[3588.76,0.43052],[3588.77,1.159],[3588.79,0.0948]]},"raw":{}}
{"exchange":"bybit","instance_id":"B","symbol":"ETH-USD","event_ts":1762205087.299,"seq":50143771,"depth":{"last_seq":50143771,"bids":[[3587.6,5.66325],[3587.59,0.4181],[3587.23,0.3339],[3587.22,1.11859],[3587.21,0.28057],[3587.2,0.27871],[3587.12,0.18],[3587.11,0.27911],[3587.1,0.2021],[3586.94,0.32775],[3586.91,0.025],[3586.9,0.004],[3586.82,0.008],[3586.81,0.18],[3586.79,0.64915],[3586.78,1.11859],[3586.77,0.2],[3586.76,0.24207],[3586.74,0.0021],[3586.73,0.00894]],"asks":[[3587.61,2.72575],[3587.62,0.0021],[3587.8,0.26763],[3587.92,0.90091],[3587.93,2.83814],[3587.95,0.36],[3587.99,0.0021],[3588.02,0.2794],[3588.23,1.21827],[3588.24,4.00601],[3588.36,0.0021],[3588.37,0.06475],[3588.46,0.51985],[3588.47,0.07529],[3588.67,0.22439],[3588.72,0.16631],[3588.73,0.0021],[3588.76,0.43052],[3588.77,0.98],[3588.79,0.0948]]},"raw":{}}
{"exchange":"bybit","instance_id":"B","symbol":"ETH-USD","event_ts":1762205087.319,"seq":50143772,"depth":{"last_seq":50143772,"bids":[[3587.6,5.66325],[3587.59,0.4181],[3587.23,0.3339],[3587.22,1.11859],[3587.21,0.28057],[3587.2,0.27871],[3587.12,0.18],[3587.11,0.27911],[3587.1,0.2021],[3586.94,0.32775],[3586.91,0.025],[3586.9,0.004],[3586.82,0.008],[3586.81,0.18],[3586.79,0.64915],[3586.78,1.11859],[3586.77,0.2],[3586.76,0.24207],[3586.74,0.0021],[3586.73,0.00894]],"asks":[[3587.61,2.72575],[3587.62,0.0021],[3587.8,0.26763],[3587.92,0.90091],[3587.93,2.83814],[3587.95,0.36],[3587.99,0.0021],[3588.02,0.2794],[3588.23,1.21827],[3588.24,4.00601],[3588.36,0.0021],[3588.37,0.06475],[3588.46,0.51985],[3588.47,0.07529],[3588.67,0.22439],[3588.72,0.16631],[3588.73,0.0021],[3588.76,0.43052],[3588.77,0.98],[3588.79,0.0948]]},"raw":{}}
{"exchange":"bybit","instance_id":"B","symbol":"ETH-USD","event_ts":1762205087.339,"seq":50143773,"depth":{"last_seq":50143773,"bids":[[3587.6,5.66325],[3587.59,0.4181],[3587.23,0.3339],[3587.22,1.11859],[3587.21,0.28057],[3587.2,0.27871],[3587.12,0.18],[3587.11,0.27911],[3587.1,0.2021],[3586.94,0.32775],[3586.91,0.025],[3586.9,0.004],[3586.82,0.008],[3586.81,0.18],[3586.79,0.64915],[3586.78,1.11859],[3586.77,0.2],[3586.76,0.24207],[3586.74,0.0021],[3586.73,0.00894]],"asks":[[3587.61,2.72575],[3587.62,0.0021],[3587.8,0.26763],[3587.93,2.83814],[3587.95,0.36],[3587.99,0.0021],[3588.02,0.2794],[3588.23,1.21827],[3588.36,0.0021],[3588.37,0.06475],[3588.46,0.51985],[3588.47,0.07529],[3588.67,0.22439],[3588.72,0.16631],[3588.73,0.0021],[3588.76,0.43052],[3588.77,0.98],[3588.79,0.0948],[3588.8,0.08712],[3588.84,0.33222]]},"raw":{}}
{"exchange":"bybit","instance_id":"B","symbol":"ETH-USD","event_ts":1762205087.359,"seq":50143774,"depth":{"last_seq":50143774,"bids":[[3587.6,5.66325],[3587.59,0.4181],[3587.23,0.3339],[3587.22,1.11859],[3587.21,0.28057],[3587.2,0.27871],[3587.12,0.18],[3587.11,0.00108],[3587.1,0.2021],[3586.94,0.32775],[3586.91,0.025],[3586.9,0.004],[3586.82,0.008],[3586.81,0.18],[3586.79,0.64915],[3586.78,1.11859],[3586.77,0.2],[3586.76,0.24207],[3586.74,0.0021],[3586.73,0.00894]],"asks":[[3587.61,2.67],[3587.62,0.0021],[3587.8,0.26763],[3587.93,2.83814],[3587.95,0.36],[3587.99,0.0021],[3588.02,0.2794],[3588.36,0.0021],[3588.37,0.06475],[3588.46,0.51985],[3588.47,0.07529],[3588.67,0.22439],[3588.72,0.16631],[3588.73,0.0021],[3588.76,0.43052],[3588.77,0.98],[3588.79,0.0948],[3588.8,0.08712],[3588.84,0.33222],[3588.91,0.16822]]},"raw":{}}
{"exchange":"bybit","instance_id":"B","symbol":"ETH-USD","event_ts":1762205087.379,"seq":50143775,"depth":{"last_seq":50143775,"bids":[[3587.6,5.66325],[3587.59,0.4181],[3587.38,0.27802],[3587.23,0.3339],[3587.22,1.11859],[3587.2,0.27871],[3587.12,0.18],[3587.11,0.00108],[3587.1,0.2021],[3586.94,0.32775],[3586.91,0.025],[3586.9,0.004],[3586.82,0.008],[3586.81,0.18],[3586.79,0.64915],[3586.78,1.11859],[3586.77,0.2],[3586.76,0.24207],[3586.74,0.0021],[3586.73,0.00894]],"asks":[[3587.61,2.67],[3587.62,0.0021],[3587.8,0.26763],[3587.93,2.83814],[3587.95,0.36],[3587.99,0.0021],[3588.02,0.2794],[3588.36,0.0021],[3588.37,0.06475],[3588.46,0.51985],[3588.47,0.07529],[3588.67,0.22439],[3588.72,0.16631],[3588.73,0.0021],[3588.76,0.43052],[3588.77,0.98],[3588.79,0.0948],[3588.8,0.08712],[3588.84,0.33222],[3588.91,0.16822]]},"raw":{}}
{"exchange":"bybit","instance_id":"B","symbol":"ETH-USD","event_ts":1762205087.399,"seq":50143776,"depth":{"last_seq":50143776,"bids":[[3587.6,5.66325],[3587.59,0.4181],[3587.38,0.27802],[3587.23,0.3339],[3587.22,1.11859],[3587.2,0.27871],[3587.12,0.18],[3587.11,0.00108],[3587.1,0.2021],[3586.94,0.32775],[3586.91,0.025],[3586.9,0.004],[3586.82,0.008],[3586.81,0.18],[3586.79,0.64915],[3586.78,1.11859],[3586.77,0.2],[3586.76,0.24207],[3586.74,0.0021],[3586.73,0.00894]],"asks":[[3587.61,2.72575],[3587.62,0.0021],[3587.8,0.26763],[3587.93,2.83814],[3587.95,0.36],[3587.99,0.0021],[3588.02,0.2794],[3588.36,0.0021],[3588.37,0.06475],[3588.46,0.51985],[3588.47,0.07529],[3588.67,0.22439],[3588.72,0.16631],[3588.73,0.0021],[3588.76,0.43052],[3588.77,0.98],[3588.79,0.0948],[3588.8,0.08712],[3588.84,0.33222],[3588.91,0.16822]]},"raw":{}}
{"exchange":"bybit","instance_id":"B","symbol":"ETH-USD","event_ts":1762205087.459,"seq":50143777,"depth":{"last_seq":50143777,"bids":[[3587.6,5.66325],[3587.59,0.4181],[3587.38,0.27802],[3587.23,0.3339],[3587.22,1.11859],[3587.2,0.27871],[3587.12,0.18],[3587.11,0.00108],[3587.1,0.2021],[3586.94,0.32775],[3586.91,0.025],[3586.9,0.004],[3586.82,0.008],[3586.81,0.18],[3586.79,0.64915],[3586.78,1.11859],[3586.77,0.2],[3586.76,0.24207],[3586.74,0.0021],[3586.73,0.00894]],"asks":[[3587.61,2.72575],[3587.62,0.0021],[3587.8,0.26763],[3587.93,2.83814],[3587.95,0.36],[3587.99,0.0021],[3588.02,0.2794],[3588.36,0.0021],[3588.37,0.06475],[3588.46,0.51985],[3588.47,0.07529],[3588.67,0.22439],[3588.72,0.16631],[3588.73,0.0021],[3588.76,0.43052],[3588.77,0.98],[3588.79,0.0948],[3588.8,0.08712],[3588.84,0.33222],[3588.91,0.16822]]},"raw":{}}
{"exchange":"bybit","instance_id":"B","symbol":"ETH-USD","event_ts":1762205087.5,"seq":50143778,"depth":{"last_seq":50143778,"bids":[[3587.6,5.66325],[3587.59,0.4181],[3587.38,0.27802],[3587.23,0.3339],[3587.22,1.11859],[3587.2,0.27871],[3587.12,0.18],[3587.11,0.00108],[3587.1,0.2021],[3586.94,0.32775],[3586.91,0.025],[3586.9,0.004],[3586.82,0.008],[3586.81,0.18],[3586.79,0.64915],[3586.78,1.11859],[3586.77,0.2],[3586.76,0.24207],[3586.74,0.0021],[3586.73,0.00894]],"asks":[[3587.61,2.72575],[3587.62,0.0021],[3587.8,0.26763],[3587.93,2.83814],[3587.95,0.36],[3587.99,0.0021],[3588.02,0.2794],[3588.36,0.0021],[3588.37,0.06475],[3588.46,0.51985],[3588.47,0.07529],[3588.67,0.22439],[3588.72,0.16631],[3588.73,0.0021],[3588.76,0.43052],[3588.77,0.98],[3588.79,0.0948],[3588.8,0.08712],[3588.84,0.33222],[3588.91,0.16822]]},"raw":{}}
{"exchange":"bybit","instance_id":"B","symbol":"ETH-USD","event_ts":1762205087.519,"seq":50143779,"depth":{"last_seq":50143779,"bids":[[3587.6,5.23215],[3587.59,0.4181],[3587.38,0.27802],[3587.23,0.3339],[3587.22,1.11859],[3587.2,0.27871],[3587.12,0.18],[3587.11,0.00108],[3587.1,0.2021],[3586.94,0.32775],[3586.91,0.025],[3586.9,0.004],[3586.82,0.008],[3586.81,0.18],[3586.79,0.64915],[3586.78,1.11859],[3586.77,0.2],[3586.76,0.24207],[3586.74,0.0021],[3586.73,0.00894]],"asks":[[3587.61,5.39725],[3587.62,0.0021],[3587.8,0.26763],[3587.93,2.83814],[3587.95,0.36],[3587.99,0.0021],[3588.02,0.2794],[3588.36,0.0021],[3588.37,0.06475],[3588.46,0.51985],[3588.47,0.07529],[3588.67,0.22439],[3588.72,0.16631],[3588.73,0.0021],[3588.76,0.43052],[3588.79,0.0948],[3588.8,0.08712],[3588.84,0.33222],[3588.91,0.16822],[3588.92,0.14611]]},"raw":{}}
{"exchange":"bybit","instance_id":"B","symbol":"ETH-USD","event_ts":1762205087.539,"seq":50143780,"depth":{"last_seq":50143780,"bids":[[3587.6,5.23215],[3587.59,0.4181],[3587.38,0.27802],[3587.23,0.3339],[3587.22,1.11859],[3587.2,0.27871],[3587.12,0.18],[3587.11,0.00108],[3587.1,0.2021],[3586.94,0.32775],[3586.91,0.025],[3586.9,0.004],[3586.82,0.008],[3586.81,0.18],[3586.79,0.64915],[3586.78,1.11859],[3586.77,0.2],[3586.76,0.24207],[3586.74,0.0021],[3586.73,0.00894]],"asks":[[3587.61,5.39725],[3587.62,0.0021],[3587.8,0.26763],[3587.93,2.83814],[3587.95,0.36],[3587.99,0.0021],[3588.02,0.2794],[3588.36,0.0021],[3588.37,0.06475],[3588.46,0.51985],[3588.47,0.07529],[3588.67,0.22439],[3588.72,0.16631],[3588.73,0.0021],[3588.79,0.0948],[3588.8,0.08712],[3588.84,0.33222],[3588.91,0.16822],[3588.92,0.14611],[3588.93,0.009]]},"raw":{}}
{"exchange":"bybit","instance_id":"B","symbol":"ETH-USD","event_ts":1762205087.579,"seq":50143781,"depth":{"last_seq":50143781,"bids":[[3587.6,5.23215],[3587.59,0.4181],[3587.38,0.27802],[3587.23,0.3339],[3587.22,1.11859],[3587.2,0.27871],[3587.12,0.18],[3587.11,0.00108],[3587.1,0.2021],[3586.94,0.32775],[3586.91,0.025],[3586.9,0.004],[3586.82,0.008],[3586.81,0.18],[3586.79,0.64915],[3586.78,1.11859],[3586.77,0.2],[3586.76,0.24207],[3586.74,0.0021],[3586.73,0.00894]],"asks":[[3587.61,5.39725],[3587.8,0.26763],[3587.93,2.83814],[3587.95,0.36],[3587.99,0.0021],[3588.02,0.2794],[3588.36,0.0021],[3588.37,0.06475],[3588.46,0.51985],[3588.47,0.07529],[3588.67,0.22439],[3588.72,0.16631],[3588.73,0.0021],[3588.79,0.0948],[3588.8,0.08712],[3588.84,0.33222],[3588.91,0.16822],[3588.92,0.14611],[3588.93,0.009],[3588.94,0.80149]]},"raw":{}}
{"exchange":"bybit","instance_id":"B","symbol":"ETH-USD","event_ts":1762205087.6,"seq":50143782,"depth":{"last_seq":50143782,"bids":[[3587.6,5.23215],[3587.59,0.4181],[3587.38,0.27802],[3587.23,0.3339],[3587.22,1.11859],[3587.2,0.27871],[3587.12,0.18],[3587.11,0.00108],[3587.1,0.2021],[3586.94,0.32775],[3586.91,0.025],[3586.9,0.004],[3586.82,0.008],[3586.81,0.18],[3586.79,0.64915],[3586.78,1.11859],[3586.77,0.2],[3586.76,0.24207],[3586.74,0.0021],[3586.73,0.00894]],"asks":[[3587.61,5.39725],[3587.8,0.26763],[3587.93,2.83814],[3587.95,0.36],[3587.99,0.0021],[3588.02,0.2794],[3588.36,0.0021],[3588.37,0.06475],[3588.46,0.51985],[3588.47,0.07529],[3588.67,0.22439],[3588.72,0.16631],[3588.73,0.0021],[3588.79,0.0948],[3588.8,0.08712],[3588.84,0.69273],[3588.91,0.16822],[3588.92,0.14611],[3588.93,0.009],[3588.94,0.80149]]},"raw":{}}
{"exchange":"bybit","instance_id":"B","symbol":"ETH-USD","event_ts":1762205087.639,"seq":50143783,"depth":{"last_seq":50143783,"bids":[[3587.6,5.23215],[3587.59,0.4181],[3587.38,0.27802],[3587.23,0.3339],[3587.22,1.11859],[3587.2,0.27871],[3587.12,0.18],[3587.11,0.00108],[3587.1,0.2021],[3586.94,0.32775],[3586.91,0.025],[3586.9,0.004],[3586.82,0.008],[3586.81,0.18],[3586.79,0.64915],[3586.78,1.11859],[3586.77,0.2],[3586.76,0.24207],[3586.74,0.0021],[3586.73,0.00894]],"asks":[[3587.61,5.39725],[3587.8,0.26763],[3587.93,2.83814],[3587.95,0.36],[3588.02,0.2794],[3588.36,0.0021],[3588.37,0.06475],[3588.46,0.51985],[3588.47,0.07529],[3588.67,0.22439],[3588.72,0.16631],[3588.73,0.0021],[3588.79,0.0948],[3588.8,0.08712],[3588.84,0.69273],[3588.91,0.16822],[3588.92,0.14611],[3588.93,0.009],[3588.94,0.80149],[3588.95,0.79364]]},"raw":{}}
{"exchange":"bybit","instance_id":"B","symbol":"ETH-USD","event_ts":1762205087.679,"seq":50143784,"depth":{"last_seq":50143784,"bids":[[3587.6,5.23215],[3587.59,0.4181],[3587.38,0.27802],[3587.23,0.3339],[3587.22,1.11859],[3587.2,0.27871],[3587.12,0.18],[3587.11,0.00108],[3587.1,0.2021],[3586.94,0.32775],[3586.91,0.025],[3586.9,0.004],[3586.82,0.008],[3586.81,0.18],[3586.8,0.02146],[3586.79,0.64915],[3586.78,1.11859],[3586.77,0.2],[3586.76,0.24207],[3586.74,0.0021]],"asks":[[3587.61,5.39725],[3587.8,0.26763],[3587.93,2.83814],[3587.95,0.36],[3588.02,0.2794],[3588.36,0.0021],[3588.37,0.06475],[3588.46,0.51985],[3588.47,0.07529],[3588.67,0.22439],[3588.72,0.16631],[3588.73,0.0021],[3588.79,0.0948],[3588.8,0.08712],[3588.84,0.69273],[3588.87,1.043],[3588.91,0.16822],[3588.92,0.14611],[3588.93,0.009],[3588.94,0.80149]]},"raw":{}}
{"exchange":"bybit","instance_id":"B","symbol":"ETH-USD","event_ts":1762205087.739,"seq":50143785,"depth":{"last_seq":50143785,"bids":[[3587.6,5.23215],[3587.59,0.4181],[3587.38,0.27802],[3587.23,0.3339],[3587.22,1.11859],[3587.2,0.27871],[3587.12,0.18],[3587.11,0.00108],[3587.1,0.2021],[3586.94,0.32775],[3586.91,0.025],[3586.9,0.004],[3586.82,0.008],[3586.81,0.18],[3586.8,0.02146],[3586.79,0.64915],[3586.78,1.11859],[3586.77,0.2],[3586.76,0.24207],[3586.74,0.0021]],"asks":[[3587.61,5.39725],[3587.8,0.26763],[3587.93,2.83814],[3587.95,0.36],[3587.99,0.0021],[3588.02,0.2794],[3588.36,0.0021],[3588.37,0.06475],[3588.46,0.51985],[3588.47,0.07529],[3588.67,0.22439],[3588.72,0.16631],[3588.73,0.0021],[3588.79,0.0948],[3588.8,0.08712],[3588.84,0.69273],[3588.87,1.043],[3588.91,0.16822],[3588.92,0.14611],[3588.93,0.009]]},"raw":{}}
{"exchange":"bybit","instance_id":"B","symbol":"ETH-USD","event_ts":1762205087.759,"seq":50143786,"depth":{"last_seq":50143786,"bids":[[3587.6,5.23215],[3587.59,0.4181],[3587.38,0.27802],[3587.23,0.3339],[3587.22,1.11859],[3587.2,0.27871],[3587.12,0.18],[3587.11,0.00108],[3587.1,0.2021],[3586.94,0.32775],[3586.91,0.025],[3586.9,0.004],[3586.82,0.008],[3586.81,0.18],[3586.8,0.02146],[3586.79,0.64915],[3586.78,1.11859],[3586.77,0.2],[3586.76,0.24207],[3586.74,0.0021]],"asks":[[3587.61,5.39725],[3587.8,0.26763],[3587.93,2.83814],[3587.95,0.36],[3587.99,0.0021],[3588.02,0.2794],[3588.36,0.0021],[3588.37,0.06475],[3588.46,0.51985],[3588.47,0.07529],[3588.67,0.22439],[3588.72,0.16631],[3588.73,0.0021],[3588.79,0.0948],[3588.8,0.08712],[3588.84,0.69273],[3588.87,1.043],[3588.91,0.16822],[3588.92,0.14611],[3588.93,0.009]]},"raw":{}}
{"exchange":"bybit","instance_id":"B","symbol":"ETH-USD","event_ts":1762205087.779,"seq":50143787,"depth":{"last_seq":50143787,"bids":[[3587.6,5.23215],[3587.59,0.4181],[3587.38,0.27802],[3587.23,0.3339],[3587.22,1.11859],[3587.2,0.27871],[3587.12,0.18],[3587.11,0.00108],[3587.1,0.2021],[3586.94,0.32775],[3586.91,0.025],[3586.9,0.004],[3586.82,0.008],[3586.81,0.18],[3586.8,0.02146],[3586.79,0.64915],[3586.78,1.11859],[3586.77,0.2],[3586.76,0.24207],[3586.74,0.0021]],"asks":[[3587.61,5.39725],[3587.8,0.26763],[3587.93,2.83814],[3587.95,0.36],[3587.99,0.0021],[3588.02,0.2794],[3588.36,0.0021],[3588.37,0.06475],[3588.46,0.51985],[3588.47,0.07529],[3588.67,0.22439],[3588.72,0.16631],[3588.73,0.0021],[3588.79,0.0948],[3588.8,0.08712],[3588.84,0.69273],[3588.87,1.043],[3588.91,0.16822],[3588.92,0.14611],[3588.93,0.009]]},"raw":{}}
{"exchange":"bybit","instance_id":"B","symbol":"ETH-USD","event_ts":1762205087.819,"seq":50143788,"depth":{"last_seq":50143788,"bids":[[3587.6,5.23215],[3587.59,0.4181],[3587.38,0.27802],[3587.24,0.18],[3587.23,0.3339],[3587.22,1.11859],[3587.2,0.27871],[3587.12,0.18],[3587.11,0.00108],[3587.1,0.2021],[3586.95,0.18],[3586.94,0.32775],[3586.91,0.025],[3586.9,0.004],[3586.82,0.008],[3586.8,0.02146],[3586.79,0.46915],[3586.78,1.11859],[3586.77,0.2],[3586.76,0.24207]],"asks":[[3587.61,5.39725],[3587.8,0.26763],[3587.93,2.83814],[3587.95,0.36],[3587.99,0.0021],[3588.02,0.2794],[3588.36,0.0021],[3588.37,0.06475],[3588.45,0.18],[3588.46,0.69985],[3588.47,0.07529],[3588.67,0.22439],[3588.72,0.16631],[3588.73,0.0021],[3588.79,0.0948],[3588.8,0.08712],[3588.84,0.69273],[3588.87,1.043],[3588.91,0.16822],[3588.92,0.14611]]},"raw":{}}
{"exchange":"bybit","instance_id":"B","symbol":"ETH-USD","event_ts":1762205087.839,"seq":50143789,"depth":{"last_seq":50143789,"bids":[[3587.6,5.23215],[3587.59,0.4181],[3587.38,0.27802],[3587.24,0.18],[3587.23,0.3339],[3587.22,1.11859],[3587.2,0.27871],[3587.12,0.18],[3587.11,0.00108],[3587.1,0.2021],[3586.95,0.18],[3586.94,0.32775],[3586.91,0.025],[3586.9,0.004],[3586.82,0.008],[3586.8,0.02146],[3586.79,0.46915],[3586.78,1.11859],[3586.77,0.2],[3586.76,0.24207]],"asks":[[3587.61,5.39725],[3587.8,0.26763],[3587.93,2.83814],[3587.95,0.36],[3587.99,0.0021],[3588.02,0.2794],[3588.36,0.0021],[3588.37,0.06475],[3588.44,0.28511],[3588.45,0.18],[3588.46,0.69985],[3588.47,0.07529],[3588.67,0.22439],[3588.72,0.16631],[3588.73,0.0021],[3588.79,0.0948],[3588.8,0.08712],[3588.84,0.69273],[3588.87,1.043],[3588.91,0.16822]]},"raw":{}}
{"exchange":"bybit","instance_id":"B","symbol":"ETH-USD","event_ts":1762205087.859,"seq":50143790,"depth":{"last_seq":50143790,"bids":[[3587.79,6.78469],[3587.61,6.66385],[3587.6,5.26999],[3587.43,0.27869],[3587.24,0.18],[3587.23,0.3339],[3587.22,1.11859],[3587.12,0.18],[3587.11,0.00108],[3587.1,0.2021],[3586.94,0.32775],[3586.91,0.025],[3586.9,0.004],[3586.85,0.07529],[3586.82,0.008],[3586.8,1.42146],[3586.79,1.86915],[3586.78,1.11859],[3586.77,0.2],[3586.76,0.24207]],"asks":[[3587.8,0.26763],[3587.93,2.83814],[3587.95,0.36],[3587.99,0.0021],[3588.02,0.2794],[3588.36,0.0021],[3588.37,0.06475],[3588.44,0.28511],[3588.46,0.24112],[3588.67,0.22439],[3588.72,0.2416],[3588.73,0.0021],[3588.79,0.0948],[3588.8,0.08712],[3588.84,0.69273],[3588.87,1.043],[3588.89,0.27869],[3588.91,0.16822],[3588.92,0.14611],[3588.93,0.009]]},"raw":{}}
{"exchange":"bybit","instance_id":"B","symbol":"ETH-USD","event_ts":1762205087.879,"seq":50143791,"depth":{"last_seq":50143791,"bids":[[3588.01,0.02598],[3587.98,4.53488],[3587.94,2.82013],[3587.92,6.73086],[3587.8,4.9115],[3587.79,2.85445],[3587.62,3.56225],[3587.61,0.06575],[3587.6,1.29554],[3587.24,0.18],[3587.23,0.3339],[3587.22,1.11859],[3587.11,0.00108],[3587.1,0.2021],[3586.94,0.32775],[3586.93,0.07529],[3586.91,0.025],[3586.9,0.004],[3586.82,0.008],[3586.8,0.02146]],"asks":[[3588.31,0.27937],[3588.35,2.80706],[3588.36,0.0021],[3588.37,0.06475],[3588.67,0.22439],[3588.72,0.16631],[3588.73,0.0021],[3588.79,0.0948],[3588.8,0.08712],[3588.83,0.07529],[3588.84,0.69273],[3588.89,0.27869],[3588.91,0.16822],[3588.92,0.14611],[3588.93,0.009],[3588.94,0.12649],[3588.95,0.11864],[3588.96,0.22019],[3588.98,0.08746],[3588.99,0.23687]]},"raw":{}}
{"exchange":"bybit","instance_id":"B","symbol":"ETH-USD","event_ts":1762205087.899,"seq":50143792,"depth":{"last_seq":50143792,"bids":[[3588.71,1.30124],[3588.66,1.30124],[3588.36,1.61837],[3588.35,4.89406],[3588.34,10.83347],[3588.31,1.04778],[3588.19,1.15125],[3588.02,2.24],[3588.01,2.30014],[3588.0,0.005],[3587.99,2.1173],[3587.93,3.25418],[3587.83,1.11859],[3587.82,0.0021],[3587.8,0.18016],[3587.79,0.2],[3587.62,0.40635],[3587.6,1.0175399999999999],[3587.48,0.07528],[3587.46,0.0021]],"asks":[[3588.73,0.0021],[3588.74,0.06475],[3588.89,0.27869],[3588.93,0.009],[3589.1,0.0021],[3589.11,0.10818],[3589.23,1.39791],[3589.27,0.1682],[3589.28,0.22138],[3589.3,0.12858],[3589.34,0.08745],[3589.35,0.23684],[3589.39,4.95659],[3589.4,6.9971],[3589.47,0.00209],[3589.49,3.44182],[3589.55,0.675],[3589.57,0.675],[3589.69,0.29905],[3589.83,1.6652]]},"raw":{}}
{"exchange":"bybit","instance_id":"B","symbol":"ETH-USD","event_ts":1762205087.919,"seq":50143793,"depth":{"last_seq":50143793,"bids":[[3588.71,6.241],[3588.67,0.38842],[3588.36,4.3156],[3588.2,0.34365],[3588.18,0.00209],[3588.02,0.17862],[3588.01,0.59944],[3587.99,0.27797],[3587.83,1.11859],[3587.82,0.0021],[3587.79,0.2],[3587.62,0.005],[3587.6,1.0175399999999999],[3587.46,0.0021],[3587.38,1.058],[3587.3,0.02559],[3587.28,0.29961],[3587.23,0.3339],[3587.22,1.11859],[3587.13,0.02195]],"asks":[[3588.72,4.66604],[3588.73,0.0021],[3588.74,0.06475],[3588.89,0.27869],[3588.93,0.009],[3589.1,0.1821],[3589.22,0.18],[3589.27,0.1682],[3589.3,0.0021],[3589.33,0.07528],[3589.39,3.31813],[3589.47,0.00209],[3589.69,0.675],[3589.7,0.675],[3589.77,0.22417],[3589.83,0.16603],[3589.84,0.14785],[3589.86,0.68075],[3589.87,2.08473],[3589.88,0.11117]]},"raw":{}}
{"exchange":"bybit","instance_id":"B","symbol":"ETH-USD","event_ts":1762205087.939,"seq":50143794,"depth":{"last_seq":50143794,"bids":[[3588.71,6.241],[3588.37,1.28821],[3588.18,0.00209],[3588.02,0.17862],[3588.01,0.59944],[3587.84,0.33453],[3587.83,1.11859],[3587.82,0.0021],[3587.79,0.2],[3587.74,0.27867],[3587.62,0.005],[3587.6,1.0175399999999999],[3587.54,0.07528],[3587.46,0.0021],[3587.38,1.058],[3587.3,0.02559],[3587.28,0.29961],[3587.23,0.3339],[3587.22,1.11859],[3587.13,0.02195]],"asks":[[3588.72,4.70404],[3588.73,0.0021],[3588.74,0.06475],[3588.89,0.27869],[3588.93,0.009],[3589.1,0.1821],[3589.22,0.18],[3589.26,0.18],[3589.27,0.1682],[3589.3,0.0021],[3589.34,0.07528],[3589.47,0.00209],[3589.68,0.31371],[3589.76,0.675],[3589.77,0.89917],[3589.83,0.16603],[3589.84,0.14785],[3589.86,1.8646],[3589.87,2.08473],[3589.88,0.11117]]},"raw":{}}
{"exchange":"bybit","instance_id":"B","symbol":"ETH-USD","event_ts":1762205087.959,"seq":50143795,"depth":{"last_seq":50143795,"bids":[[3588.71,6.241],[3588.21,0.27796],[3588.18,0.00209],[3588.02,0.17862],[3588.01,0.87809],[3588.0,1.4],[3587.99,1.4],[3587.84,0.33453],[3587.83,1.11859],[3587.82,0.0021],[3587.79,0.2],[3587.62,0.005],[3587.6,1.0175399999999999],[3587.54,0.07528],[3587.46,0.0021],[3587.4,1.8585],[3587.38,1.058],[3587.3,0.02559],[3587.28,0.29961],[3587.23,0.3339]],"asks":[[3588.72,4.67104],[3588.73,0.0021],[3588.74,0.06475],[3588.93,0.009],[3589.1,0.1821],[3589.22,0.18],[3589.26,0.18],[3589.27,0.1682],[3589.3,0.0021],[3589.34,0.07528],[3589.47,0.00209],[3589.57,0.24093],[3589.77,0.22417],[3589.79,0.675],[3589.8,0.675],[3589.83,0.16603],[3589.84,0.14785],[3589.86,1.8646],[3589.87,2.08473],[3589.88,0.11117]]},"raw":{}}
{"exchange":"bybit","instance_id":"B","symbol":"ETH-USD","event_ts":1762205087.979,"seq":50143796,"depth":{"last_seq":50143796,"bids":[[3588.71,6.241],[3588.21,0.27796],[3588.18,0.00209],[3588.02,1.27653],[3588.01,0.59944],[3588.0,1.4],[3587.99,1.4],[3587.86,0.24189],[3587.84,0.33453],[3587.83,1.11859],[3587.82,0.0021],[3587.79,0.2],[3587.62,0.005],[3587.6,1.0175399999999999],[3587.57,0.07528],[3587.46,0.0021],[3587.4,1.8585],[3587.38,1.058],[3587.3,0.02559],[3587.28,0.29961]],"asks":[[3588.72,4.70404],[3588.73,0.0021],[3588.74,0.06475],[3588.93,0.009],[3589.1,0.1821],[3589.22,0.18],[3589.26,0.18],[3589.27,0.1682],[3589.3,0.0021],[3589.37,0.07528],[3589.47,0.00209],[3589.53,0.27864],[3589.57,0.24093],[3589.77,0.22417],[3589.78,0.675],[3589.79,1.90569],[3589.83,0.16603],[3589.84,0.14785],[3589.86,0.12624],[3589.87,2.08473]]},"raw":{}}
{"exchange":"bybit","instance_id":"B","symbol":"ETH-USD","event_ts":1762205087.999,"seq":50143797,"depth":{"last_seq":50143797,"bids":[[3588.71,6.241],[3588.21,0.27796],[3588.18,0.00209],[3588.1,0.27864],[3588.02,1.27653],[3588.01,0.59944],[3588.0,1.4],[3587.99,1.4],[3587.86,0.24189],[3587.84,0.33453],[3587.83,1.11859],[3587.82,0.0021],[3587.79,0.2],[3587.62,0.005],[3587.6,1.0175399999999999],[3587.57,0.07528],[3587.47,1.00184],[3587.46,0.0021],[3587.4,1.8585],[3587.39,0.74678]],"asks":[[3588.72,4.70404],[3588.73,0.0021],[3588.74,0.06475],[3588.93,0.009],[3589.1,0.1821],[3589.19,0.10979],[3589.22,0.18],[3589.26,0.18],[3589.27,0.1682],[3589.3,0.0021],[3589.37,0.07528],[3589.47,0.00209],[3589.53,0.27864],[3589.57,0.24093],[3589.71,0.675],[3589.72,0.675],[3589.77,0.22417],[3589.79,0.826],[3589.83,0.16603],[3589.84,0.14785]]},"raw":{}}
{"exchange":"bybit","instance_id":"B","symbol":"ETH-USD","event_ts":1762205088.019,"seq":50143798,"depth":{"last_seq":50143798,"bids":[[3588.71,6.241],[3588.21,0.27796],[3588.18,0.00209],[3588.1,0.27864],[3588.02,1.27653],[3588.01,0.59944],[3588.0,1.4],[3587.99,1.4],[3587.86,0.24189],[3587.84,0.33453],[3587.83,1.11859],[3587.82,0.0021],[3587.79,0.2],[3587.62,0.005],[3587.6,1.0175399999999999],[3587.57,0.07528],[3587.48,0.85444],[3587.47,1.00184],[3587.46,0.0021],[3587.4,1.8585]],"asks":[[3588.72,1.82004],[3588.73,0.0021],[3588.74,0.06475],[3588.93,0.009],[3589.1,0.1821],[3589.19,0.10979],[3589.22,0.18],[3589.26,0.18],[3589.27,0.1682],[3589.3,0.0021],[3589.37,0.07528],[3589.47,0.00209],[3589.53,0.27864],[3589.57,0.24093],[3589.69,0.675],[3589.7,1.07798],[3589.77,0.22417],[3589.79,0.826],[3589.83,0.16603],[3589.84,0.14785]]},"raw":{}}
{"exchange":"bybit","instance_id":"B","symbol":"ETH-USD","event_ts":1762205088.039,"seq":50143799,"depth":{"last_seq":50143799,"bids":[[3588.71,6.241],[3588.28,1.11859],[3588.26,0.27863],[3588.21,0.27796],[3588.18,0.00209],[3588.02,1.27653],[3588.01,0.59944],[3588.0,1.4],[3587.99,1.4],[3587.86,0.24189],[3587.84,0.33453],[3587.83,1.11859],[3587.82,0.0021],[3587.79,0.2],[3587.73,0.07527],[3587.62,0.005],[3587.61,0.30374],[3587.6,1.0175399999999999],[3587.48,0.85444],[3587.47,1.00184]],"asks":[[3588.72,2.01104],[3588.73,0.0021],[3588.74,0.06475],[3588.93,0.009],[3589.1,0.0021],[3589.26,0.18],[3589.27,0.1682],[3589.3,0.0021],[3589.47,0.00209],[3589.53,0.35391],[3589.57,0.24093],[3589.68,0.40298],[3589.75,0.675],[3589.77,0.89917],[3589.79,0.826],[3589.83,0.16603],[3589.84,0.14785],[3589.86,0.12624],[3589.87,0.22709],[3589.88,0.11117]]},"raw":{}}
{"exchange":"bybit","instance_id":"B","symbol":"ETH-USD","event_ts":1762205088.059,"seq":50143800,"depth":{"last_seq":50143800,"bids":[[3588.71,6.241],[3588.29,0.50067],[3588.28,1.11859],[3588.18,0.00209],[3588.15,0.27795],[3588.03,4.00601],[3588.02,1.27653],[3588.01,0.59944],[3588.0,1.4],[3587.99,1.4],[3587.86,0.24189],[3587.84,0.4098],[3587.83,1.11859],[3587.82,0.0021],[3587.79,0.2],[3587.62,0.005],[3587.61,0.30374],[3587.6,1.0175399999999999],[3587.48,0.85444],[3587.47,1.00184]],"asks":[[3588.72,1.7317],[3588.73,0.0021],[3588.74,0.06475],[3588.93,0.009],[3588.99,0.27932],[3589.1,0.0021],[3589.26,0.18],[3589.27,0.1682],[3589.3,0.0021],[3589.47,0.00209],[3589.53,0.27864],[3589.57,0.24093],[3589.64,0.07527],[3589.74,0.74138],[3589.77,0.22417],[3589.83,0.16603],[3589.84,0.14785],[3589.86,0.80124],[3589.87,0.90209],[3589.88,0.11117]]},"raw":{}}
{"exchange":"bybit","instance_id":"B","symbol":"ETH-USD","event_ts":1762205088.084,"seq":50143801,"depth":{"last_seq":50143801,"bids":[[3589.82,1.96356],[3589.76,1.96356],[3589.73,2.1985],[3589.64,0.37459],[3589.6,0.191],[3589.56,1.30904],[3589.52,0.01],[3589.47,1.1402],[3589.46,2.08538],[3589.26,0.00209],[3588.98,0.65452],[3588.9,0.00209],[3588.76,1.11859],[3588.72,4.28605],[3588.71,1.85617],[3588.54,0.00209],[3588.51,0.005],[3588.37,0.27862],[3588.3,2.60829],[3588.29,0.50067]],"asks":[[3589.83,0.47298],[3589.84,0.14785],[3590.13,0.02785],[3590.21,0.00209],[3590.32,0.24093],[3590.37,0.166],[3590.4,0.6049],[3590.41,6.61958],[3590.42,3.44182],[3590.45,0.08717],[3590.46,0.07558],[3590.57,7.04011],[3590.58,0.00209],[3590.66,0.675],[3590.67,0.675],[3590.78,0.13464],[3590.8,0.11114],[3590.81,0.09451],[3590.86,0.69562],[3590.87,0.12544]]},"raw":{}}
{"exchange":"bybit","instance_id":"B","symbol":"ETH-USD","event_ts":1762205088.099,"seq":50143802,"depth":{"last_seq":50143802,"bids":[[3589.83,2.1985],[3589.82,0.06072],[3589.64,0.37459],[3589.48,0.96284],[3589.47,1.1402],[3589.46,1.1402],[3589.26,0.00209],[3589.04,0.27857],[3588.9,0.00209],[3588.76,1.11859],[3588.73,0.005],[3588.72,2.42311],[3588.71,1.40578],[3588.54,0.00209],[3588.41,0.04752],[3588.3,6.0356],[3588.29,0.76949],[3588.28,1.11859],[3588.18,0.00209],[3588.06,1.00184]],"asks":[[3589.84,0.00209],[3590.13,0.02785],[3590.21,0.00209],[3590.32,0.24093],[3590.36,0.77184],[3590.39,0.8211],[3590.45,0.08721],[3590.58,0.00209],[3590.6,0.07525],[3590.65,0.50455],[3590.69,0.22411],[3590.78,0.13464],[3590.79,0.11816],[3590.8,0.11114],[3590.84,4.11682],[3590.85,0.675],[3590.87,0.12544],[3590.95,0.00209],[3590.96,0.07885],[3591.03,2.46479]]},"raw":{}}
{"exchange":"bybit","instance_id":"B","symbol":"ETH-USD","event_ts":1762205088.119,"seq":50143803,"depth":{"last_seq":50143803,"bids":[[3589.83,0.95518],[3589.48,0.6807],[3589.47,1.1402],[3589.46,1.1402],[3589.26,0.00209],[3588.98,0.24189],[3588.9,0.00209],[3588.8,0.07525],[3588.76,1.11859],[3588.74,0.005],[3588.72,2.42311],[3588.71,1.21707],[3588.54,0.00209],[3588.48,1.058],[3588.41,0.04752],[3588.3,6.0356],[3588.28,1.11859],[3588.18,0.00209],[3588.06,1.00184],[3588.04,2.28277]],"asks":[[3589.84,2.89609],[3590.13,0.96049],[3590.21,0.00209],[3590.35,0.50152],[3590.36,0.77184],[3590.39,0.67536],[3590.58,0.00209],[3590.6,0.07525],[3590.64,0.67536],[3590.66,0.60076],[3590.69,0.22411],[3590.76,0.27855],[3590.78,0.13464],[3590.79,0.11816],[3590.8,0.11114],[3590.83,0.8534],[3590.84,3.44182],[3590.87,0.12544],[3590.95,0.67709],[3590.96,0.75385]]},"raw":{}}
{"exchange":"bybit","instance_id":"B","symbol":"ETH-USD","event_ts":1762205088.139,"seq":50143804,"depth":{"last_seq":50143804,"bids":[[3589.83,0.95518],[3589.48,0.6807],[3589.47,1.1402],[3589.46,1.1402],[3589.26,0.00209],[3588.98,0.24189],[3588.9,0.00209],[3588.8,0.07525],[3588.77,1.42199],[3588.76,1.11859],[3588.74,0.005],[3588.72,2.42311],[3588.71,1.21707],[3588.54,0.00209],[3588.48,1.058],[3588.41,0.04752],[3588.3,6.0356],[3588.28,1.11859],[3588.18,0.00209],[3588.06,1.00184]],"asks":[[3589.84,2.89609],[3590.12,0.28733],[3590.13,0.96049],[3590.21,0.00209],[3590.35,0.50152],[3590.58,0.00209],[3590.6,0.07525],[3590.66,0.60076],[3590.69,0.22411],[3590.76,0.27855],[3590.78,0.13464],[3590.79,0.11816],[3590.8,0.11114],[3590.83,0.08156],[3590.84,3.44182],[3590.87,0.12544],[3590.95,0.67709],[3590.96,0.75385],[3591.09,0.0872],[3591.11,0.00209]]},"raw":{}}
{"exchange":"bybit","instance_id":"B","symbol":"ETH-USD","event_ts":1762205088.159,"seq":50143805,"depth":{"last_seq":50143805,"bids":[[3589.83,0.95518],[3589.48,0.6807],[3589.47,1.1402],[3589.46,1.1402],[3589.26,0.00209],[3588.98,0.24189],[3588.9,0.00209],[3588.8,0.07525],[3588.77,5.428],[3588.76,1.11859],[3588.74,0.005],[3588.72,2.42311],[3588.71,1.21707],[3588.54,0.00209],[3588.48,1.058],[3588.41,0.04752],[3588.31,1.80163],[3588.3,6.0356],[3588.28,1.11859],[3588.18,0.00209]],"asks":[[3589.84,2.89609],[3590.12,0.28733],[3590.13,0.96049],[3590.21,0.00209],[3590.58,0.74177],[3590.6,0.07525],[3590.65,1.11337],[3590.66,0.60076],[3590.69,0.46504],[3590.76,0.27855],[3590.78,0.13464],[3590.79,0.11816],[3590.8,0.11114],[3590.83,0.08156],[3590.87,0.12544],[3590.94,0.675],[3590.95,0.67709],[3590.96,0.07885],[3591.09,0.0872],[3591.11,0.00209]]},"raw":{}}
{"exchange":"bybit","instance_id":"B","symbol":"ETH-USD","event_ts":1762205088.179,"seq":50143806,"depth":{"last_seq":50143806,"bids":[[3589.83,0.95518],[3589.48,0.6807],[3589.47,1.1402],[3589.46,1.1402],[3589.26,0.00209],[3588.98,0.24189],[3588.9,0.00209],[3588.8,0.07525],[3588.78,2.61778],[3588.77,4.00601],[3588.76,1.11859],[3588.74,0.005],[3588.72,2.42311],[3588.71,1.21707],[3588.54,0.00209],[3588.48,1.058],[3588.41,0.04752],[3588.31,1.80163],[3588.3,6.0356],[3588.28,1.11859]],"asks":[[3589.84,2.89609],[3589.94,0.00189],[3590.12,0.28733],[3590.13,0.96049],[3590.21,0.00209],[3590.58,0.74177],[3590.6,0.07525],[3590.64,0.84227],[3590.65,0.67536],[3590.69,0.46504],[3590.76,0.27855],[3590.78,0.13464],[3590.79,0.11816],[3590.8,0.11114],[3590.83,0.08156],[3590.87,0.12544],[3590.92,0.675],[3590.93,0.675],[3590.95,0.00209],[3590.96,0.07885]]},"raw":{}}
{"exchange":"bybit","instance_id":"B","symbol":"ETH-USD","event_ts":1762205088.202,"seq":50143807,"depth":{"last_seq":50143807,"bids":[[3589.83,0.95518],[3589.48,0.6807],[3589.47,1.1402],[3589.46,1.1402],[3589.26,0.00209],[3588.98,0.24189],[3588.9,0.00209],[3588.8,0.07525],[3588.78,2.61778],[3588.77,4.00601],[3588.76,1.11859],[3588.74,0.005],[3588.72,2.42311],[3588.71,1.21707],[3588.54,0.00209],[3588.48,1.058],[3588.41,0.04752],[3588.31,1.80163],[3588.3,6.0356],[3588.28,1.11859]],"asks":[[3589.84,2.89609],[3589.94,0.00189],[3590.12,0.28733],[3590.13,0.02785],[3590.21,0.00209],[3590.58,0.74177],[3590.6,0.07525],[3590.64,0.53219],[3590.69,0.46504],[3590.76,0.27855],[3590.78,0.13464],[3590.79,0.11816],[3590.8,0.11114],[3590.83,0.08156],[3590.87,0.12544],[3590.92,0.675],[3590.93,0.675],[3590.95,1.06009],[3590.96,0.07885],[3591.02,0.57927]]},"raw":{}}
{"exchange":"bybit","instance_id":"B","symbol":"ETH-USD","event_ts":1762205088.219,"seq":50143808,"depth":{"last_seq":50143808,"bids":[[3589.83,0.95518],[3589.48,0.6807],[3589.47,1.1402],[3589.46,1.1402],[3589.26,0.00209],[3588.98,0.24189],[3588.9,0.00209],[3588.8,0.07525],[3588.78,2.61778],[3588.77,4.00601],[3588.76,1.11859],[3588.74,0.005],[3588.72,2.42311],[3588.71,1.21707],[3588.54,0.00209],[3588.48,1.058],[3588.41,0.04752],[3588.31,1.80163],[3588.3,6.0356],[3588.29,0.33452]],"asks":[[3589.84,3.17405],[3589.94,0.00189],[3590.13,0.02785],[3590.21,0.00209],[3590.58,0.74177],[3590.6,0.07525],[3590.63,0.67536],[3590.64,0.3306],[3590.69,0.46504],[3590.76,0.27855],[3590.78,0.13464],[3590.79,0.11816],[3590.8,0.11114],[3590.83,0.08156],[3590.84,0.675],[3590.85,0.675],[3590.87,0.12544],[3590.91,0.73968],[3590.95,1.06009],[3590.96,0.07885]]},"raw":{}}
{"exchange":"bybit","instance_id":"B","symbol":"ETH-USD","event_ts":1762205088.239,"seq":50143809,"depth":{"last_seq":50143809,"bids":[[3589.83,0.94808],[3589.48,0.6857],[3589.47,1.1402],[3589.46,1.1402],[3589.26,0.00209],[3589.1,0.009],[3588.98,0.24189],[3588.9,0.00209],[3588.8,0.07525],[3588.78,2.61778],[3588.77,4.00601],[3588.76,1.11859],[3588.74,0.005],[3588.72,2.42311],[3588.71,1.21707],[3588.54,0.00209],[3588.49,0.31581],[3588.48,1.058],[3588.41,0.04752],[3588.31,1.80163]],"asks":[[3589.84,3.2288],[3589.94,0.00189],[3590.13,0.02785],[3590.21,0.00209],[3590.57,0.44548],[3590.58,0.74177],[3590.6,0.07525],[3590.63,0.67536],[3590.64,0.3306],[3590.69,0.46504],[3590.76,0.27855],[3590.78,0.13464],[3590.79,0.11816],[3590.8,0.11114],[3590.82,0.73413],[3590.83,0.75656],[3590.84,0.675],[3590.87,0.12544],[3590.95,1.06009],[3590.96,0.07885]]},"raw":{}}
{"exchange":"bybit","instance_id":"B","symbol":"ETH-USD","event_ts":1762205088.259,"seq":50143810,"depth":{"last_seq":50143810,"bids":[[3589.83,0.95308],[3589.48,0.6807],[3589.47,1.1402],[3589.46,1.1402],[3589.26,0.00209],[3589.1,0.009],[3588.98,0.24189],[3588.9,0.00209],[3588.8,0.07525],[3588.78,2.61778],[3588.77,4.00601],[3588.76,1.11859],[3588.74,0.005],[3588.72,2.42311],[3588.71,1.21707],[3588.54,0.00209],[3588.49,0.31581],[3588.48,1.058],[3588.41,0.04752],[3588.31,1.80163]],"asks":[[3589.84,3.48941],[3589.94,0.00189],[3590.13,0.02785],[3590.21,0.00209],[3590.56,1.29922],[3590.57,0.44548],[3590.58,0.74177],[3590.6,0.07525],[3590.68,0.54974],[3590.69,0.46504],[3590.76,0.27855],[3590.78,0.13464],[3590.79,0.11816],[3590.8,0.11114],[3590.82,0.73413],[3590.83,0.08156],[3590.85,0.675],[3590.86,0.675],[3590.87,0.12544],[3590.95,1.06009]]},"raw":{}}
{"exchange":"bybit","instance_id":"B","symbol":"ETH-USD","event_ts":1762205088.28,"seq":50143811,"depth":{"last_seq":50143811,"bids":[[3589.83,0.95308],[3589.48,0.6807],[3589.47,1.1402],[3589.46,1.1402],[3589.26,0.00209],[3589.1,0.009],[3588.98,0.24189],[3588.9,0.00209],[3588.8,0.07525],[3588.78,2.61778],[3588.77,4.00601],[3588.76,1.11859],[3588.74,0.005],[3588.72,2.42311],[3588.71,1.21707],[3588.54,0.00209],[3588.49,0.31581],[3588.48,1.058],[3588.41,0.04752],[3588.31,1.80163]],"asks":[[3589.84,3.48941],[3589.94,0.00189],[3590.13,0.02785],[3590.21,0.00209],[3590.55,0.6317],[3590.56,1.29922],[3590.58,0.74177],[3590.6,0.07525],[3590.68,0.54974],[3590.69,0.46504],[3590.76,0.27855],[3590.78,0.13464],[3590.79,0.11816],[3590.8,0.11114],[3590.83,0.08156],[3590.85,0.675],[3590.86,0.675],[3590.87,0.12544],[3590.9,0.17858],[3590.95,1.06009]]},"raw":{}}
{"exchange":"bybit","instance_id":"B","symbol":"ETH-USD","event_ts":1762205088.299,"seq":50143812,"depth":{"last_seq":50143812,"bids":[[3589.83,0.95308],[3589.48,0.6807],[3589.47,1.1402],[3589.46,1.1402],[3589.26,0.00209],[3589.1,0.009],[3588.98,0.24189],[3588.9,0.00209],[3588.8,0.07525],[3588.78,2.61778],[3588.77,4.00601],[3588.76,1.11859],[3588.74,0.005],[3588.72,2.42311],[3588.71,1.21707],[3588.54,0.00209],[3588.49,0.31581],[3588.48,1.058],[3588.41,0.04752],[3588.31,1.80163]],"asks":[[3589.84,3.48941],[3589.94,0.00189],[3589.98,0.11115],[3590.13,0.02785],[3590.21,0.00209],[3590.54,1.29922],[3590.55,0.6317],[3590.56,1.29922],[3590.58,0.00209],[3590.6,0.07525],[3590.68,0.3306],[3590.69,0.46504],[3590.76,0.27855],[3590.78,0.13464],[3590.79,0.11816],[3590.8,0.11114],[3590.83,0.08156],[3590.85,0.675],[3590.86,0.675],[3590.87,0.12544]]},"raw":{}}
{"exchange":"bybit","instance_id":"B","symbol":"ETH-USD","event_ts":1762205088.319,"seq":50143813,"depth":{"last_seq":50143813,"bids":[[3589.83,0.95308],[3589.48,0.6807],[3589.47,1.1402],[3589.46,1.1402],[3589.26,0.00209],[3589.1,0.009],[3588.98,0.24189],[3588.9,0.00209],[3588.8,0.07525],[3588.78,2.61778],[3588.77,4.00601],[3588.76,1.11859],[3588.74,0.005],[3588.72,2.42311],[3588.71,1.21707],[3588.54,0.00209],[3588.49,0.31581],[3588.48,1.058],[3588.41,0.04752],[3588.31,1.80163]],"asks":[[3589.84,3.48941],[3589.94,0.00189],[3589.98,0.11115],[3590.13,0.02785],[3590.21,0.00209],[3590.53,0.79872],[3590.54,1.29922],[3590.58,0.00209],[3590.6,0.07525],[3590.68,0.3306],[3590.69,0.46504],[3590.76,0.27855],[3590.78,0.13464],[3590.79,0.11816],[3590.8,0.11114],[3590.83,0.08156],[3590.85,0.675],[3590.86,0.675],[3590.87,0.12544],[3590.9,0.17858]]},"raw":{}}
{"exchange":"bybit","instance_id":"B","symbol":"ETH-USD","event_ts":1762205088.339,"seq":50143814,"depth":{"last_seq":50143814,"bids":[[3589.83,0.95308],[3589.48,0.6807],[3589.47,1.1402],[3589.46,1.1402],[3589.26,0.00209],[3589.1,0.009],[3588.98,0.24189],[3588.9,0.00209],[3588.8,0.07525],[3588.78,2.61778],[3588.77,4.00601],[3588.76,1.11859],[3588.74,0.005],[3588.72,2.42311],[3588.71,1.21707],[3588.54,0.00209],[3588.49,0.31581],[3588.48,1.058],[3588.41,0.04752],[3588.31,1.80163]],"asks":[[3589.84,3.48941],[3589.94,0.00189],[3589.98,0.11115],[3590.13,0.02785],[3590.21,0.00209],[3590.52,1.27675],[3590.53,0.4109],[3590.54,1.29922],[3590.58,0.00209],[3590.6,0.07525],[3590.68,0.3306],[3590.69,0.46504],[3590.76,0.27855],[3590.78,0.13464],[3590.79,0.11816],[3590.8,0.11114],[3590.83,0.08156],[3590.85,0.675],[3590.86,0.675],[3590.87,0.12544]]},"raw":{}}
