{"exchange":"okx","instance_id":"A","symbol":"ETH-USD","event_ts":1762349855.406,"seq":7218585007742977,"depth":{"last_seq":7218585007742977,"bids":[[3332.94,8.777565],[3332.91,1.227347],[3332.9,1.553746],[3332.89,0.000403],[3332.86,0.060018]],"asks":[[3332.95,15.804632],[3333.02,0.0001],[3333.08,0.658985],[3333.09,1.030002],[3333.16,1.0]]},"raw":{}}
{"exchange":"okx","instance_id":"A","symbol":"ETH-USD","event_ts":1762349855.506,"seq":7218585008152577,"depth":{"last_seq":7218585008152577,"bids":[[3332.94,2.411473],[3332.91,1.227347],[3332.9,1.553746],[3332.89,0.000403],[3332.86,0.060018],[3332.85,0.225]],"asks":[[3332.95,16.991666],[3333.02,0.0001],[3333.08,0.658985],[3333.09,1.030002],[3333.16,1.0]]},"raw":{}}
{"exchange":"okx","instance_id":"A","symbol":"ETH-USD","event_ts":1762349855.606,"seq":7218585008562177,"depth":{"last_seq":7218585008562177,"bids":[[3332.94,0.121274],[3332.91,1.227347],[3332.9,1.317746],[3332.89,0.000403],[3332.86,0.060018],[3332.85,0.225]],"asks":[[3332.95,17.176566],[3333.02,0.0001],[3333.08,0.658985],[3333.09,1.030002],[3333.16,1.0]]},"raw":{}}
{"exchange":"okx","instance_id":"A","symbol":"ETH-USD","event_ts":1762349855.706,"seq":7218585008971777,"depth":{"last_seq":7218585008971777,"bids":[[3332.94,0.121274],[3332.91,1.227347],[3332.9,1.317746],[3332.89,0.000403],[3332.86,0.060018],[3332.85,0.225]],"asks":[[3332.95,17.176566],[3332.97,0.199397],[3333.02,0.0001],[3333.08,0.658985],[3333.09,1.030002],[3333.16,1.0]]},"raw":{}}
{"exchange":"okx","instance_id":"A","symbol":"ETH-USD","event_ts":1762349855.806,"seq":7218585009381377,"depth":{"last_seq":7218585009381377,"bids":[[3332.94,0.121274],[3332.91,1.227347],[3332.9,1.317746],[3332.89,0.000403],[3332.86,0.060018],[3332.85,0.225]],"asks":[[3332.95,17.176566],[3332.96,1.681356],[3332.97,1.199397],[3333.02,0.0001],[3333.08,0.053],[3333.09,1.030002],[3333.16,1.0]]},"raw":{}}
{"exchange":"okx","instance_id":"A","symbol":"ETH-USD","event_ts":1762349855.906,"seq":7218585009790977,"depth":{"last_seq":7218585009790977,"bids":[[3332.94,0.121274],[3332.91,1.227347],[3332.9,1.317746],[3332.89,0.000403],[3332.86,0.030009],[3332.85,0.225]],"asks":[[3332.95,17.176566],[3332.96,1.681356],[3332.97,1.199397],[3333.02,0.0001],[3333.08,0.053],[3333.09,1.030002],[3333.16,1.0]]},"raw":{}}
{"exchange":"okx","instance_id":"A","symbol":"ETH-USD","event_ts":1762349856.006,"seq":7218585010200577,"depth":{"last_seq":7218585010200577,"bids":[[3332.94,0.121274],[3332.91,1.227347],[3332.9,1.317746],[3332.89,0.000403],[3332.86,0.030009],[3332.85,0.225],[3332.82,0.030009]],"asks":[[3332.95,17.176566],[3332.96,1.681356],[3332.97,1.199397],[3333.02,0.0001],[3333.08,0.053],[3333.09,1.030002],[3333.16,1.0]]},"raw":{}}
{"exchange":"okx","instance_id":"A","symbol":"ETH-USD","event_ts":1762349856.106,"seq":7218585010610177,"depth":{"last_seq":7218585010610177,"bids":[[3332.94,0.121274],[3332.91,1.227347],[3332.9,1.317746],[3332.89,0.000403],[3332.86,0.030009],[3332.85,0.225],[3332.82,0.030009],[3332.8,0.231302]],"asks":[[3332.95,17.176566],[3332.96,1.681356],[3332.97,1.199397],[3333.02,0.0001],[3333.08,0.053],[3333.09,1.030002],[3333.16,1.0]]},"raw":{}}
{"exchange":"okx","instance_id":"A","symbol":"ETH-USD","event_ts":1762349856.406,"seq":7218585011838977,"depth":{"last_seq":7218585011838977,"bids":[[3332.94,0.121274],[3332.91,1.227347],[3332.9,1.317971],[3332.89,0.0001],[3332.86,0.030009],[3332.85,0.225],[3332.82,0.030009],[3332.8,0.006202],[3332.72,0.06002],[3332.7,0.03011]],"asks":[[3332.91,16.430212],[3332.93,5.701727],[3332.94,2.772746],[3332.95,16.405568],[3332.96,1.0],[3332.97,1.199397],[3333.02,0.0001],[3333.08,0.053],[3333.09,1.030002],[3333.16,1.0]]},"raw":{}}
{"exchange":"okx","instance_id":"A","symbol":"ETH-USD","event_ts":1762349856.506,"seq":7218585012248577,"depth":{"last_seq":7218585012248577,"bids":[[3332.94,0.121274],[3332.91,1.227347],[3332.9,1.317746],[3332.89,0.0001],[3332.86,0.030009],[3332.85,0.225],[3332.82,0.030009],[3332.8,0.006202],[3332.72,0.06002],[3332.7,0.0001],[3332.6,0.060141]],"asks":[[3332.91,15.831609],[3332.93,5.701727],[3332.94,2.772746],[3332.95,16.405568],[3332.96,1.0],[3332.97,1.199397],[3333.02,0.0001],[3333.08,0.053],[3333.09,1.030002],[3333.16,1.0]]},"raw":{}}
{"exchange":"okx","instance_id":"A","symbol":"ETH-USD","event_ts":1762349856.706,"seq":7218585013067777,"depth":{"last_seq":7218585013067777,"bids":[[3332.94,0.121274],[3332.91,1.227347],[3332.9,1.317746],[3332.89,0.0001],[3332.86,0.030009],[3332.85,0.225],[3332.82,0.030009],[3332.8,0.006202],[3332.72,0.06002],[3332.7,0.0001],[3332.6,0.060141],[3332.45,5.002167],[3332.4,0.193515],[3332.38,2.200687],[3332.37,7.372387],[3332.34,0.0001]],"asks":[[3332.46,7.555968],[3332.48,6.380541],[3332.49,1.0],[3332.59,2.86828],[3332.61,2.86828],[3332.91,15.831609],[3332.93,5.701727],[3332.94,2.772746],[3332.95,16.405568],[3332.96,1.0],[3332.97,1.199397],[3333.02,0.0001],[3333.08,0.053],[3333.09,1.030002],[3333.16,1.0]]},"raw":{}}
{"exchange":"okx","instance_id":"A","symbol":"ETH-USD","event_ts":1762349856.806,"seq":7218585013477377,"depth":{"last_seq":7218585013477377,"bids":[[3332.94,0.121274],[3332.91,1.227347],[3332.9,1.317746],[3332.89,0.0001],[3332.86,0.030009],[3332.85,0.225],[3332.82,0.030009],[3332.8,0.006202],[3332.72,0.06002],[3332.7,0.0001],[3332.6,0.060141],[3332.45,7.167509],[3332.42,0.300078],[3332.4,0.493593],[3332.38,2.200687],[3332.37,7.372387],[3332.34,0.0001]],"asks":[[3332.46,5.904669],[3332.48,6.380541],[3332.49,1.0],[3332.5,1.0],[3332.59,2.86828],[3332.61,2.86828],[3332.7,1.0001],[3332.85,0.0001],[3332.91,15.831609],[3332.93,5.701727],[3332.94,2.772746],[3332.95,16.405568],[3332.96,1.0],[3332.97,1.199397],[3333.02,0.0001],[3333.08,0.053],[3333.09,1.030002],[3333.16,1.0]]},"raw":{}}
{"exchange":"okx","instance_id":"A","symbol":"ETH-USD","event_ts":1762349856.906,"seq":7218585013886977,"depth":{"last_seq":7218585013886977,"bids":[[3332.94,0.121274],[3332.91,1.227347],[3332.9,1.317746],[3332.89,0.0001],[3332.86,0.030009],[3332.85,0.225],[3332.82,0.030009],[3332.8,0.006202],[3332.72,0.06002],[3332.7,0.0001],[3332.6,0.060141],[3332.45,7.167509],[3332.42,0.300078],[3332.4,0.493593],[3332.38,2.200687],[3332.37,7.372387],[3332.34,0.0001]],"asks":[[3332.46,5.107869],[3332.48,0.053],[3332.49,1.0],[3332.5,1.0],[3332.59,2.86828],[3332.61,2.86828],[3332.7,1.0001],[3332.85,0.0001],[3332.91,15.831609],[3332.93,5.701727],[3332.94,2.772746],[3332.95,16.405568],[3332.96,1.0],[3332.97,1.199397],[3333.02,0.0001],[3333.08,0.053],[3333.09,1.030002],[3333.16,1.0]]},"raw":{}}
{"exchange":"okx","instance_id":"A","symbol":"ETH-USD","event_ts":1762349857.006,"seq":7218585014296577,"depth":{"last_seq":7218585014296577,"bids":[[3332.94,0.121274],[3332.91,1.227347],[3332.9,1.317746],[3332.89,0.0001],[3332.86,0.030009],[3332.85,0.225],[3332.82,0.030009],[3332.8,0.006202],[3332.72,0.06002],[3332.7,0.0001],[3332.6,0.060141],[3332.45,7.167509],[3332.42,0.504938],[3332.4,0.493593],[3332.38,2.200687],[3332.37,7.372387],[3332.34,0.0001]],"asks":[[3332.46,5.693869],[3332.48,0.053],[3332.49,1.0],[3332.5,1.0],[3332.59,2.86828],[3332.61,2.86828],[3332.7,1.0001],[3332.85,0.0001],[3332.91,15.831609],[3332.93,5.701727],[3332.94,2.772746],[3332.95,16.405568],[3332.96,1.0],[3332.97,1.199397],[3333.02,0.0001],[3333.08,0.053],[3333.09,1.030002],[3333.16,1.0]]},"raw":{}}
{"exchange":"okx","instance_id":"A","symbol":"ETH-USD","event_ts":1762349857.106,"seq":7218585014706177,"depth":{"last_seq":7218585014706177,"bids":[[3332.94,0.121274],[3332.91,1.227347],[3332.9,1.317746],[3332.89,0.0001],[3332.86,0.030009],[3332.85,0.225],[3332.82,0.030009],[3332.8,0.006202],[3332.72,0.06002],[3332.7,0.0001],[3332.6,0.060141],[3332.45,7.175759],[3332.42,0.504938],[3332.4,0.493593],[3332.38,2.200687],[3332.37,7.372387],[3332.34,0.0001]],"asks":[[3332.46,5.693869],[3332.48,0.053],[3332.49,1.0],[3332.5,1.0],[3332.51,0.0001],[3332.59,2.86828],[3332.61,2.86828],[3332.7,1.0001],[3332.85,0.0001],[3332.91,15.831609],[3332.93,5.701727],[3332.94,2.772746],[3332.95,16.405568],[3332.96,1.0],[3332.97,1.199397],[3333.02,0.0001],[3333.08,0.053],[3333.09,1.030002],[3333.16,1.0]]},"raw":{}}
{"exchange":"okx","instance_id":"A","symbol":"ETH-USD","event_ts":1762349857.206,"seq":7218585015115777,"depth":{"last_seq":7218585015115777,"bids":[[3332.94,0.121274],[3332.91,1.227347],[3332.9,1.317746],[3332.89,0.0001],[3332.86,0.030009],[3332.85,0.225],[3332.82,0.030009],[3332.8,0.006202],[3332.72,0.06002],[3332.7,0.0001],[3332.6,0.060141],[3332.45,5.848259],[3332.42,0.504938],[3332.4,0.493593],[3332.38,2.200687],[3332.37,7.372387],[3332.34,0.0001]],"asks":[[3332.46,5.693869],[3332.48,0.053],[3332.49,1.0],[3332.5,1.0],[3332.51,0.0001],[3332.59,2.86828],[3332.61,2.86828],[3332.7,1.0001],[3332.85,0.0001],[3332.91,15.831609],[3332.93,5.701727],[3332.94,2.772746],[3332.95,16.405568],[3332.96,1.0],[3332.97,1.199397],[3333.02,0.0001],[3333.08,0.053],[3333.09,1.030002],[3333.16,1.0]]},"raw":{}}
{"exchange":"okx","instance_id":"A","symbol":"ETH-USD","event_ts":1762349857.306,"seq":7218585015525377,"depth":{"last_seq":7218585015525377,"bids":[[3332.94,0.121274],[3332.91,1.227347],[3332.9,1.317746],[3332.89,0.0001],[3332.86,0.030009],[3332.85,0.225],[3332.82,0.030009],[3332.8,0.006202],[3332.72,0.06002],[3332.7,0.0001],[3332.6,0.060141],[3332.45,5.848259],[3332.42,0.504938],[3332.4,0.493593],[3332.38,2.200687],[3332.37,7.372387],[3332.34,0.0001]],"asks":[[3332.46,3.161612],[3332.48,0.053],[3332.49,1.0],[3332.5,1.0],[3332.51,0.0001],[3332.59,2.86828],[3332.61,2.86828],[3332.7,1.0001],[3332.85,0.0001],[3332.91,15.831609],[3332.93,5.701727],[3332.94,2.772746],[3332.95,16.405568],[3332.96,1.0],[3332.97,1.199397],[3333.02,0.0001],[3333.08,0.053],[3333.09,1.030002],[3333.16,1.0]]},"raw":{}}
{"exchange":"okx","instance_id":"A","symbol":"ETH-USD","event_ts":1762349857.406,"seq":7218585015934977,"depth":{"last_seq":7218585015934977,"bids":[[3332.94,0.121274],[3332.91,1.227347],[3332.9,1.317746],[3332.89,0.0001],[3332.86,0.030009],[3332.85,0.225],[3332.82,0.030009],[3332.8,0.006202],[3332.72,0.06002],[3332.7,0.0001],[3332.6,0.060141],[3332.45,5.848259],[3332.44,0.253887],[3332.42,0.504938],[3332.4,0.493593],[3332.38,2.200687],[3332.37,7.372387],[3332.34,0.0001]],"asks":[[3332.46,3.161612],[3332.48,0.053],[3332.49,1.0],[3332.5,1.0],[3332.51,0.0001],[3332.59,2.86828],[3332.61,2.86828],[3332.7,1.0001],[3332.85,0.0001],[3332.91,15.831609],[3332.93,5.701727],[3332.94,2.772746],[3332.95,16.405568],[3332.96,1.0],[3332.97,1.199397],[3333.02,0.0001],[3333.08,0.053],[3333.09,1.030002],[3333.16,1.0]]},"raw":{}}
{"exchange":"okx","instance_id":"A","symbol":"ETH-USD","event_ts":1762349857.506,"seq":7218585016344577,"depth":{"last_seq":7218585016344577,"bids":[[3332.94,0.121274],[3332.91,1.227347],[3332.9,1.317746],[3332.89,0.0001],[3332.86,0.030009],[3332.85,0.225],[3332.82,0.030009],[3332.8,0.006202],[3332.72,0.06002],[3332.7,0.0001],[3332.6,0.060141],[3332.45,5.848259],[3332.44,0.253887],[3332.42,0.504938],[3332.4,0.493593],[3332.38,2.200687],[3332.37,7.372387],[3332.34,0.0001]],"asks":[[3332.46,3.46169],[3332.48,0.053],[3332.49,1.0],[3332.5,1.0],[3332.51,0.0001],[3332.59,2.86828],[3332.61,2.86828],[3332.7,1.0001],[3332.85,0.0001],[3332.91,15.831609],[3332.93,5.701727],[3332.94,2.772746],[3332.95,16.405568],[3332.96,1.0],[3332.97,1.199397],[3333.02,0.0001],[3333.08,0.053],[3333.09,1.030002],[3333.16,1.0]]},"raw":{}}
{"exchange":"okx","instance_id":"A","symbol":"ETH-USD","event_ts":1762349857.606,"seq":7218585016754177,"depth":{"last_seq":7218585016754177,"bids":[[3332.94,0.121274],[3332.91,1.227347],[3332.9,1.317746],[3332.89,0.0001],[3332.86,0.030009],[3332.85,0.225],[3332.82,0.030009],[3332.8,0.006202],[3332.72,0.06002],[3332.7,0.0001],[3332.6,0.060141],[3332.45,0.423464],[3332.44,0.253887],[3332.42,0.300078],[3332.4,0.493593],[3332.38,2.200687],[3332.37,7.372387],[3332.34,0.0001]],"asks":[[3332.46,4.797723],[3332.48,0.65003],[3332.49,1.0],[3332.5,1.0],[3332.51,0.0001],[3332.59,2.86828],[3332.61,2.86828],[3332.7,1.0001],[3332.85,0.0001],[3332.91,15.831609],[3332.93,5.701727],[3332.94,2.772746],[3332.95,16.405568],[3332.96,1.0],[3332.97,1.199397],[3333.02,0.0001],[3333.08,0.053],[3333.09,1.030002],[3333.16,1.0]]},"raw":{}}
{"exchange":"okx","instance_id":"A","symbol":"ETH-USD","event_ts":1762349857.706,"seq":7218585017163777,"depth":{"last_seq":7218585017163777,"bids":[[3332.94,0.121274],[3332.91,1.227347],[3332.9,1.317746],[3332.89,0.0001],[3332.86,0.030009],[3332.85,0.225],[3332.82,0.030009],[3332.8,0.006202],[3332.72,0.06002],[3332.7,0.0001],[3332.6,0.060141],[3332.45,0.925649],[3332.44,0.253887],[3332.42,0.300078],[3332.4,0.741593],[3332.38,2.200687],[3332.37,7.372387],[3332.34,0.0001]],"asks":[[3332.46,4.797723],[3332.48,0.053],[3332.49,1.0],[3332.5,1.0],[3332.51,0.0001],[3332.59,2.86828],[3332.61,2.86828],[3332.7,1.0001],[3332.85,0.0001],[3332.91,15.831609],[3332.93,5.701727],[3332.94,2.772746],[3332.95,16.405568],[3332.96,1.0],[3332.97,1.199397],[3333.02,0.0001],[3333.08,0.053],[3333.09,1.030002],[3333.16,1.0]]},"raw":{}}
{"exchange":"okx","instance_id":"A","symbol":"ETH-USD","event_ts":1762349857.806,"seq":7218585017573377,"depth":{"last_seq":7218585017573377,"bids":[[3332.94,0.121274],[3332.91,1.227347],[3332.9,1.317746],[3332.89,0.0001],[3332.86,0.030009],[3332.85,0.225],[3332.82,0.030009],[3332.8,0.006202],[3332.72,0.06002],[3332.7,0.0001],[3332.6,0.060141],[3332.45,1.511649],[3332.44,0.253887],[3332.42,0.300078],[3332.4,0.741593],[3332.38,2.200687],[3332.37,7.372387],[3332.34,0.0001]],"asks":[[3332.46,5.097801],[3332.48,0.053],[3332.49,1.0],[3332.5,1.0],[3332.51,0.0001],[3332.59,2.86828],[3332.61,2.86828],[3332.7,1.0001],[3332.85,0.0001],[3332.91,15.831609],[3332.93,5.701727],[3332.94,2.772746],[3332.95,16.405568],[3332.96,1.0],[3332.97,1.199397],[3333.02,0.0001],[3333.08,0.053],[3333.09,1.030002],[3333.16,1.0]]},"raw":{}}
{"exchange":"okx","instance_id":"A","symbol":"ETH-USD","event_ts":1762349857.906,"seq":7218585017982977,"depth":{"last_seq":7218585017982977,"bids":[[3332.94,0.121274],[3332.91,1.227347],[3332.9,1.317746],[3332.89,0.0001],[3332.86,0.030009],[3332.85,0.225],[3332.82,0.030009],[3332.8,0.006202],[3332.72,0.06002],[3332.7,0.0001],[3332.6,0.060141],[3332.45,0.925649],[3332.44,0.253887],[3332.42,0.300078],[3332.4,0.741593],[3332.38,2.200687],[3332.37,7.372387],[3332.34,0.0001]],"asks":[[3332.46,5.097801],[3332.48,0.053],[3332.49,1.0],[3332.5,1.0],[3332.51,0.0001],[3332.59,2.86828],[3332.61,2.86828],[3332.7,1.0001],[3332.85,0.0001],[3332.91,15.831609],[3332.93,5.701727],[3332.94,2.772746],[3332.95,16.405568],[3332.96,1.0],[3332.97,1.199397],[3333.02,0.0001],[3333.08,0.053],[3333.09,1.030002],[3333.16,1.0]]},"raw":{}}
{"exchange":"okx","instance_id":"A","symbol":"ETH-USD","event_ts":1762349858.006,"seq":7218585018392577,"depth":{"last_seq":7218585018392577,"bids":[[3332.94,0.121274],[3332.91,1.227347],[3332.9,1.317746],[3332.89,0.0001],[3332.86,0.030009],[3332.85,0.225],[3332.82,0.030009],[3332.8,0.006202],[3332.72,0.06002],[3332.7,0.0001],[3332.6,0.060141],[3332.45,1.226649],[3332.44,0.253887],[3332.42,0.300078],[3332.4,0.741593],[3332.38,2.200687],[3332.37,7.372387],[3332.34,0.0001]],"asks":[[3332.46,4.797723],[3332.48,0.053],[3332.49,1.0],[3332.5,1.0],[3332.51,0.0001],[3332.59,2.86828],[3332.61,2.86828],[3332.7,1.0001],[3332.85,0.0001],[3332.91,15.831609],[3332.93,5.701727],[3332.94,2.772746],[3332.95,16.405568],[3332.96,1.0],[3332.97,1.199397],[3333.02,0.0001],[3333.08,0.053],[3333.09,1.030002],[3333.16,1.0]]},"raw":{}}
{"exchange":"okx","instance_id":"A","symbol":"ETH-USD","event_ts":1762349858.106,"seq":7218585018802177,"depth":{"last_seq":7218585018802177,"bids":[[3332.94,0.121274],[3332.91,1.227347],[3332.9,1.317746],[3332.89,0.0001],[3332.86,0.030009],[3332.85,0.225],[3332.82,0.030009],[3332.8,0.006202],[3332.72,0.06002],[3332.7,0.0001],[3332.6,0.060141],[3332.45,3.871701],[3332.44,0.253887],[3332.42,0.300078],[3332.4,0.741593],[3332.38,2.200687],[3332.37,7.372387],[3332.34,0.0001]],"asks":[[3332.46,5.097801],[3332.48,0.053],[3332.49,1.0],[3332.5,1.0],[3332.51,0.0001],[3332.59,2.86828],[3332.61,2.86828],[3332.7,1.0001],[3332.85,0.0001],[3332.91,15.831609],[3332.93,5.701727],[3332.94,2.772746],[3332.95,16.405568],[3332.96,1.0],[3332.97,1.199397],[3333.02,0.0001],[3333.08,0.053],[3333.09,1.030002],[3333.16,1.0]]},"raw":{}}
{"exchange":"okx","instance_id":"A","symbol":"ETH-USD","event_ts":1762349858.206,"seq":7218585019211777,"depth":{"last_seq":7218585019211777,"bids":[[3332.94,0.121274],[3332.91,1.227347],[3332.9,1.317746],[3332.89,0.0001],[3332.86,0.030009],[3332.85,0.225],[3332.82,0.030009],[3332.8,0.006202],[3332.72,0.06002],[3332.7,0.0001],[3332.6,0.060141],[3332.45,5.643091],[3332.44,0.253887],[3332.42,0.300078],[3332.4,0.741593],[3332.38,2.200687],[3332.37,7.372387],[3332.34,0.0001]],"asks":[[3332.46,4.797723],[3332.48,0.053],[3332.49,1.0],[3332.5,1.0],[3332.51,0.0001],[3332.59,2.86828],[3332.61,2.86828],[3332.7,1.0001],[3332.85,0.0001],[3332.91,15.831609],[3332.93,5.701727],[3332.94,2.772746],[3332.95,16.405568],[3332.96,1.0],[3332.97,1.199397],[3333.02,0.0001],[3333.08,0.053],[3333.09,1.030002],[3333.16,1.0]]},"raw":{}}
{"exchange":"okx","instance_id":"A","symbol":"ETH-USD","event_ts":1762349858.306,"seq":7218585019621377,"depth":{"last_seq":7218585019621377,"bids":[[3332.94,0.121274],[3332.91,1.227347],[3332.9,1.317746],[3332.89,0.0001],[3332.86,0.030009],[3332.85,0.225],[3332.82,0.030009],[3332.8,0.006202],[3332.72,0.06002],[3332.7,0.0001],[3332.6,0.060141],[3332.45,3.584039],[3332.44,0.253887],[3332.42,0.300078],[3332.4,0.741593],[3332.38,2.200687],[3332.37,7.372387],[3332.34,0.0001]],"asks":[[3332.46,4.797723],[3332.48,0.053],[3332.49,1.0],[3332.5,1.0],[3332.51,0.0001],[3332.59,2.86828],[3332.61,2.86828],[3332.7,1.0001],[3332.85,0.0001],[3332.91,15.831609],[3332.93,5.701727],[3332.94,2.772746],[3332.95,16.405568],[3332.96,1.0],[3332.97,1.199397],[3333.02,0.0001],[3333.08,0.053],[3333.09,1.030002],[3333.16,1.0]]},"raw":{}}
{"exchange":"okx","instance_id":"A","symbol":"ETH-USD","event_ts":1762349858.406,"seq":7218585020030977,"depth":{"last_seq":7218585020030977,"bids":[[3332.94,0.121274],[3332.91,1.227347],[3332.9,1.317746],[3332.89,0.0001],[3332.86,0.030009],[3332.85,0.225],[3332.82,0.030009],[3332.8,0.006202],[3332.72,0.06002],[3332.7,0.0001],[3332.6,0.060141],[3332.45,3.844039],[3332.44,0.253887],[3332.42,0.300078],[3332.4,0.741593],[3332.38,2.200687],[3332.37,7.372387],[3332.34,0.0001]],"asks":[[3332.46,4.797723],[3332.48,0.053],[3332.49,1.0],[3332.5,1.0],[3332.51,0.0001],[3332.59,2.86828],[3332.61,2.86828],[3332.69,1.215825],[3332.7,1.0001],[3332.85,0.0001],[3332.91,15.831609],[3332.93,5.701727],[3332.94,2.772746],[3332.95,16.405568],[3332.96,1.0],[3332.97,1.199397],[3333.02,0.0001],[3333.08,0.053],[3333.09,1.030002],[3333.16,1.0]]},"raw":{}}
{"exchange":"okx","instance_id":"A","symbol":"ETH-USD","event_ts":1762349858.606,"seq":7218585020850177,"depth":{"last_seq":7218585020850177,"bids":[[3332.94,0.121274],[3332.91,1.227347],[3332.9,1.317746],[3332.89,0.0001],[3332.86,0.030009],[3332.85,0.225],[3332.82,0.030009],[3332.8,0.006202],[3332.72,0.06002],[3332.7,0.0001],[3332.6,0.060141],[3332.45,2.516539],[3332.44,0.253887],[3332.42,0.300078],[3332.4,0.741593],[3332.38,2.200687],[3332.37,7.372387],[3332.34,0.0001]],"asks":[[3332.46,4.797723],[3332.48,0.053],[3332.49,1.0],[3332.5,1.0],[3332.51,0.0001],[3332.59,2.86828],[3332.61,2.86828],[3332.69,1.215825],[3332.7,1.0001],[3332.85,0.0001],[3332.91,15.831609],[3332.93,5.701727],[3332.94,2.772746],[3332.95,16.405568],[3332.96,1.0],[3332.97,1.199397],[3333.02,0.0001],[3333.08,0.053],[3333.09,1.030002],[3333.16,1.0]]},"raw":{}}
{"exchange":"okx","instance_id":"A","symbol":"ETH-USD","event_ts":1762349858.706,"seq":7218585021259777,"depth":{"last_seq":7218585021259777,"bids":[[3332.94,0.121274],[3332.91,1.227347],[3332.9,1.317746],[3332.89,0.0001],[3332.86,0.030009],[3332.85,0.225],[3332.82,0.030009],[3332.8,0.006202],[3332.72,0.06002],[3332.7,0.0001],[3332.6,0.060141],[3332.45,2.516539],[3332.44,0.2839],[3332.42,0.300078],[3332.4,0.741593],[3332.38,2.200687],[3332.37,7.372387],[3332.34,0.0001]],"asks":[[3332.46,4.797723],[3332.48,0.053],[3332.49,1.0],[3332.5,1.0],[3332.51,0.0001],[3332.59,2.86828],[3332.61,2.86828],[3332.69,1.215825],[3332.7,1.0001],[3332.85,0.0001],[3332.91,15.831609],[3332.93,5.701727],[3332.94,2.772746],[3332.95,16.405568],[3332.96,1.0],[3332.97,1.199397],[3333.02,0.0001],[3333.08,0.053],[3333.09,1.030002],[3333.16,1.0]]},"raw":{}}
{"exchange":"okx","instance_id":"A","symbol":"ETH-USD","event_ts":1762349858.806,"seq":7218585021669377,"depth":{"last_seq":7218585021669377,"bids":[[3332.94,0.121274],[3332.91,1.227347],[3332.9,1.317746],[3332.89,0.0001],[3332.86,0.030009],[3332.85,0.225],[3332.82,0.030009],[3332.8,0.006202],[3332.72,0.06002],[3332.7,0.0001],[3332.6,0.060141],[3332.45,12.022645],[3332.44,0.2839],[3332.42,0.300078],[3332.4,2.333997],[3332.38,2.200687],[3332.37,7.372387],[3332.34,0.0001]],"asks":[[3332.46,2.575612],[3332.48,0.053],[3332.49,1.0],[3332.5,1.0],[3332.51,0.0001],[3332.59,2.86828],[3332.61,2.86828],[3332.69,0.307516],[3332.7,1.0001],[3332.85,0.0001],[3332.91,15.831609],[3332.93,5.701727],[3332.94,2.772746],[3332.95,16.405568],[3332.96,1.0],[3332.97,1.199397],[3333.02,0.0001],[3333.08,0.053],[3333.09,1.030002],[3333.16,1.0]]},"raw":{}}
{"exchange":"okx","instance_id":"A","symbol":"ETH-USD","event_ts":1762349858.906,"seq":7218585022078977,"depth":{"last_seq":7218585022078977,"bids":[[3332.94,0.121274],[3332.91,1.227347],[3332.9,1.317746],[3332.89,0.0001],[3332.86,0.030009],[3332.85,0.225],[3332.82,0.030009],[3332.8,0.006202],[3332.72,0.06002],[3332.7,0.0001],[3332.6,0.060141],[3332.45,12.022645],[3332.44,0.2839],[3332.42,0.300078],[3332.4,2.333997],[3332.38,2.200687],[3332.37,7.372387],[3332.34,0.0001]],"asks":[[3332.46,3.161612],[3332.48,0.053],[3332.49,1.0],[3332.5,1.0],[3332.51,0.0001],[3332.59,2.86828],[3332.61,2.86828],[3332.69,0.307516],[3332.7,1.0001],[3332.85,0.0001],[3332.91,15.831609],[3332.93,5.701727],[3332.94,2.772746],[3332.95,16.405568],[3332.96,1.0],[3332.97,1.199397],[3333.02,0.0001],[3333.08,0.053],[3333.09,1.030002],[3333.16,1.0]]},"raw":{}}
{"exchange":"okx","instance_id":"A","symbol":"ETH-USD","event_ts":1762349859.006,"seq":7218585022488577,"depth":{"last_seq":7218585022488577,"bids":[[3332.94,0.121274],[3332.91,1.227347],[3332.9,1.317746],[3332.89,0.0001],[3332.86,0.030009],[3332.85,0.225],[3332.82,0.030009],[3332.8,0.006202],[3332.72,0.06002],[3332.7,0.0001],[3332.6,0.060141],[3332.45,12.022645],[3332.44,0.2839],[3332.42,0.300078],[3332.4,0.741593],[3332.38,2.200687],[3332.37,7.372387],[3332.34,0.0001]],"asks":[[3332.46,3.161612],[3332.48,0.053],[3332.49,1.0],[3332.5,1.0],[3332.51,0.0001],[3332.59,2.86828],[3332.61,2.86828],[3332.69,0.307516],[3332.7,1.0001],[3332.85,0.0001],[3332.91,15.831609],[3332.93,5.701727],[3332.94,2.772746],[3332.95,16.405568],[3332.96,1.0],[3332.97,1.199397],[3333.02,0.0001],[3333.08,0.053],[3333.09,1.030002],[3333.16,1.0]]},"raw":{}}
{"exchange":"okx","instance_id":"A","symbol":"ETH-USD","event_ts":1762349859.306,"seq":7218585023717377,"depth":{"last_seq":7218585023717377,"bids":[[3332.94,0.121274],[3332.91,1.227347],[3332.9,1.317746],[3332.89,0.0001],[3332.86,0.030009],[3332.85,0.225],[3332.82,0.030009],[3332.8,0.006202],[3332.72,0.06002],[3332.7,0.0001],[3332.6,0.060141],[3332.45,9.312033],[3332.44,0.2839],[3332.42,0.300078],[3332.4,0.741593],[3332.38,2.200687],[3332.37,7.372387],[3332.34,0.0001]],"asks":[[3332.46,3.161612],[3332.48,0.053],[3332.49,1.0],[3332.5,1.0],[3332.51,0.0001],[3332.59,2.86828],[3332.61,2.86828],[3332.69,0.307516],[3332.7,1.0001],[3332.85,0.0001],[3332.91,15.831609],[3332.93,5.701727],[3332.94,2.772746],[3332.95,16.405568],[3332.96,1.0],[3332.97,1.199397],[3333.02,0.0001],[3333.08,0.053],[3333.09,1.030002],[3333.16,1.0]]},"raw":{}}
{"exchange":"okx","instance_id":"A","symbol":"ETH-USD","event_ts":1762349859.406,"seq":7218585024126977,"depth":{"last_seq":7218585024126977,"bids":[[3332.94,0.121274],[3332.91,1.227347],[3332.9,1.317746],[3332.89,0.0001],[3332.86,0.030009],[3332.85,0.225],[3332.82,0.030009],[3332.8,0.006202],[3332.72,0.06002],[3332.7,0.0001],[3332.6,0.060141],[3332.45,9.052033],[3332.44,0.2839],[3332.42,0.300078],[3332.4,0.741593],[3332.38,2.200687],[3332.37,7.372387],[3332.34,0.0001]],"asks":[[3332.46,3.161612],[3332.48,0.053],[3332.49,1.0],[3332.5,1.0],[3332.51,0.0001],[3332.59,2.86828],[3332.61,2.86828],[3332.69,0.307516],[3332.7,1.0001],[3332.85,0.0001],[3332.91,15.831609],[3332.93,5.701727],[3332.94,2.772746],[3332.95,16.405568],[3332.96,1.0],[3332.97,1.199397],[3333.02,0.0001],[3333.08,0.053],[3333.09,1.030002],[3333.16,1.0]]},"raw":{}}
{"exchange":"okx","instance_id":"A","symbol":"ETH-USD","event_ts":1762349859.506,"seq":7218585024536577,"depth":{"last_seq":7218585024536577,"bids":[[3332.94,0.121274],[3332.91,1.227347],[3332.9,1.317746],[3332.89,0.0001],[3332.86,0.030009],[3332.85,0.225],[3332.82,0.030009],[3332.8,0.006202],[3332.72,0.06002],[3332.7,0.0001],[3332.6,0.060141],[3332.45,9.052033],[3332.44,0.2839],[3332.42,0.300078],[3332.41,0.206952],[3332.4,0.741593],[3332.38,2.200687],[3332.37,7.372387],[3332.34,0.0001]],"asks":[[3332.46,3.161612],[3332.48,0.053],[3332.49,1.0],[3332.5,1.0],[3332.51,0.0001],[3332.59,2.86828],[3332.61,2.86828],[3332.69,0.307516],[3332.7,1.0001],[3332.85,0.0001],[3332.91,15.831609],[3332.93,5.701727],[3332.94,2.772746],[3332.95,16.405568],[3332.96,1.0],[3332.97,1.199397],[3333.02,0.0001],[3333.08,0.053],[3333.09,1.030002],[3333.16,1.0]]},"raw":{}}
{"exchange":"okx","instance_id":"A","symbol":"ETH-USD","event_ts":1762349859.706,"seq":7218585025355777,"depth":{"last_seq":7218585025355777,"bids":[[3332.94,0.121274],[3332.91,1.227347],[3332.9,1.317746],[3332.89,0.0001],[3332.86,0.030009],[3332.85,0.225],[3332.82,0.030009],[3332.8,0.006202],[3332.72,0.06002],[3332.7,0.0001],[3332.6,0.060141],[3332.45,9.052033],[3332.44,0.2839],[3332.42,0.300078],[3332.41,0.206952],[3332.4,0.741593],[3332.38,2.200687],[3332.37,7.372387],[3332.34,0.0001]],"asks":[[3332.46,3.161063],[3332.48,0.053],[3332.49,1.0],[3332.5,1.0],[3332.51,0.0001],[3332.59,2.86828],[3332.61,2.86828],[3332.69,0.307516],[3332.7,1.0001],[3332.85,0.0001],[3332.91,15.831609],[3332.93,5.701727],[3332.94,2.772746],[3332.95,16.405568],[3332.96,1.0],[3332.97,1.199397],[3333.02,0.0001],[3333.08,0.053],[3333.09,1.030002],[3333.16,1.0]]},"raw":{}}
{"exchange":"okx","instance_id":"A","symbol":"ETH-USD","event_ts":1762349860.106,"seq":7218585026994177,"depth":{"last_seq":7218585026994177,"bids":[[3332.94,0.121274],[3332.91,1.227347],[3332.9,1.317746],[3332.89,0.0001],[3332.86,0.030009],[3332.85,0.225],[3332.82,0.030009],[3332.8,0.006202],[3332.72,0.06002],[3332.7,0.0001],[3332.6,0.060141],[3332.45,8.861533],[3332.44,0.2839],[3332.42,0.300078],[3332.41,0.206952],[3332.4,0.741593],[3332.38,2.200687],[3332.37,7.372387],[3332.34,0.0001]],"asks":[[3332.46,3.029829],[3332.48,0.053],[3332.49,1.0],[3332.5,1.0],[3332.51,0.0001],[3332.59,2.86828],[3332.61,2.86828],[3332.69,1.56005],[3332.7,1.0001],[3332.85,0.0001],[3332.91,15.831609],[3332.93,5.701727],[3332.94,2.772746],[3332.95,16.405568],[3332.96,1.0],[3332.97,1.199397],[3333.02,0.0001],[3333.08,0.053],[3333.09,1.030002],[3333.16,1.0]]},"raw":{}}
{"exchange":"okx","instance_id":"A","symbol":"ETH-USD","event_ts":1762349860.206,"seq":7218585027403777,"depth":{"last_seq":7218585027403777,"bids":[[3332.94,0.121274],[3332.91,1.227347],[3332.9,1.317746],[3332.89,0.0001],[3332.86,0.030009],[3332.85,0.225],[3332.82,0.030009],[3332.8,0.006202],[3332.72,0.06002],[3332.7,0.0001],[3332.6,0.060141],[3332.45,8.861533],[3332.44,0.2839],[3332.42,0.300078],[3332.41,0.206952],[3332.4,0.741593],[3332.38,2.200687],[3332.37,7.372387],[3332.34,0.0001]],"asks":[[3332.46,3.615829],[3332.48,0.053],[3332.49,1.0],[3332.5,1.0],[3332.51,0.0001],[3332.59,2.86828],[3332.61,2.86828],[3332.69,1.56005],[3332.7,1.0001],[3332.85,0.0001],[3332.91,15.831609],[3332.93,5.701727],[3332.94,2.772746],[3332.95,16.405568],[3332.96,1.0],[3332.97,1.199397],[3333.02,0.0001],[3333.08,0.053],[3333.09,1.030002],[3333.16,1.0]]},"raw":{}}
{"exchange":"okx","instance_id":"A","symbol":"ETH-USD","event_ts":1762349860.906,"seq":7218585030270977,"depth":{"last_seq":7218585030270977,"bids":[[3332.94,0.121274],[3332.91,1.227347],[3332.9,1.317746],[3332.89,0.0001],[3332.86,0.030009],[3332.85,0.225],[3332.82,0.030009],[3332.8,0.006202],[3332.72,0.06002],[3332.7,0.0001],[3332.6,0.060141],[3332.45,7.550105],[3332.44,0.2839],[3332.42,0.300078],[3332.41,0.206952],[3332.4,0.741593],[3332.38,2.200687],[3332.37,7.372387],[3332.34,0.0001]],"asks":[[3332.46,4.163257],[3332.48,0.053],[3332.49,1.0],[3332.5,1.0],[3332.51,0.0001],[3332.59,2.86828],[3332.61,2.86828],[3332.69,1.56005],[3332.7,1.0001],[3332.85,0.0001],[3332.91,15.831609],[3332.93,5.701727],[3332.94,2.772746],[3332.95,16.405568],[3332.96,1.0],[3332.97,1.199397],[3333.02,0.0001],[3333.08,0.053],[3333.09,1.030002],[3333.16,1.0]]},"raw":{}}
{"exchange":"okx","instance_id":"A","symbol":"ETH-USD","event_ts":1762349861.006,"seq":7218585030680577,"depth":{"last_seq":7218585030680577,"bids":[[3332.94,0.121274],[3332.91,1.227347],[3332.9,1.317746],[3332.89,0.0001],[3332.86,0.030009],[3332.85,0.225],[3332.82,0.030009],[3332.8,0.006202],[3332.72,0.06002],[3332.7,0.0001],[3332.6,0.060141],[3332.45,5.936053],[3332.44,0.2839],[3332.42,0.300078],[3332.41,0.206952],[3332.4,0.741593],[3332.38,2.200687],[3332.37,7.372387],[3332.34,0.0001]],"asks":[[3332.46,4.163257],[3332.48,0.053],[3332.49,1.0],[3332.5,1.0],[3332.51,0.0001],[3332.59,2.86828],[3332.61,2.86828],[3332.69,1.56005],[3332.7,1.0001],[3332.85,0.0001],[3332.91,15.831609],[3332.93,5.701727],[3332.94,2.772746],[3332.95,16.405568],[3332.96,1.0],[3332.97,1.199397],[3333.02,0.0001],[3333.08,0.053],[3333.09,1.030002],[3333.16,1.0]]},"raw":{}}
{"exchange":"okx","instance_id":"A","symbol":"ETH-USD","event_ts":1762349861.206,"seq":7218585031499777,"depth":{"last_seq":7218585031499777,"bids":[[3332.94,0.121274],[3332.91,1.227347],[3332.9,1.317746],[3332.89,0.0001],[3332.86,0.030009],[3332.85,0.225],[3332.82,0.030009],[3332.8,0.006202],[3332.72,0.06002],[3332.7,0.0001],[3332.6,0.060141],[3332.45,5.936053],[3332.44,0.2839],[3332.42,0.300078],[3332.41,0.206952],[3332.4,0.741593],[3332.39,0.201285],[3332.38,2.200687],[3332.37,7.372387],[3332.34,0.0001]],"asks":[[3332.46,4.163257],[3332.48,0.053],[3332.49,1.0],[3332.5,1.0],[3332.51,0.0001],[3332.59,2.86828],[3332.61,2.86828],[3332.64,0.200655],[3332.69,1.56005],[3332.7,1.0001],[3332.85,0.0001],[3332.91,15.831609],[3332.93,5.701727],[3332.94,2.772746],[3332.95,16.405568],[3332.96,1.0],[3332.97,1.199397],[3333.02,0.0001],[3333.08,0.053],[3333.09,1.030002]]},"raw":{}}
{"exchange":"okx","instance_id":"A","symbol":"ETH-USD","event_ts":1762349861.506,"seq":7218585032728577,"depth":{"last_seq":7218585032728577,"bids":[[3332.94,0.121274],[3332.91,1.227347],[3332.9,1.317746],[3332.89,0.0001],[3332.86,0.030009],[3332.85,0.225],[3332.82,0.030009],[3332.8,0.006202],[3332.72,0.06002],[3332.7,0.0001],[3332.6,0.060141],[3332.45,5.936053],[3332.44,0.2839],[3332.42,0.300078],[3332.41,0.206952],[3332.4,0.741593],[3332.39,0.201285],[3332.38,2.200687],[3332.37,6.881039],[3332.34,0.0001]],"asks":[[3332.38,6.840621],[3332.39,0.053],[3332.4,1.0],[3332.41,1.0],[3332.43,1.840344],[3332.46,4.163257],[3332.48,0.053],[3332.49,1.0],[3332.5,1.0],[3332.51,0.0001],[3332.59,2.86828],[3332.61,2.86828],[3332.64,0.200655],[3332.69,1.56005],[3332.7,1.0001],[3332.85,0.0001],[3332.91,15.831609],[3332.93,5.701727],[3332.94,2.772746],[3332.95,16.405568]]},"raw":{}}
{"exchange":"okx","instance_id":"A","symbol":"ETH-USD","event_ts":1762349861.606,"seq":7218585033138177,"depth":{"last_seq":7218585033138177,"bids":[[3332.94,0.121274],[3332.91,1.227347],[3332.9,1.317746],[3332.89,0.0001],[3332.86,0.030009],[3332.85,0.225],[3332.82,0.030009],[3332.8,0.006202],[3332.72,0.06002],[3332.7,0.0001],[3332.6,0.060141],[3332.45,5.936053],[3332.44,0.2839],[3332.42,0.300078],[3332.41,0.206952],[3332.4,0.741593],[3332.39,0.201285],[3332.38,2.200687],[3332.37,6.881039],[3332.34,0.0001]],"asks":[[3332.38,6.540536],[3332.39,1.317124],[3332.4,1.0],[3332.41,1.0],[3332.43,1.840344],[3332.45,2.23482],[3332.46,4.163257],[3332.48,0.053],[3332.49,1.0],[3332.5,1.0],[3332.51,0.0001],[3332.59,2.86828],[3332.61,2.86828],[3332.64,0.200655],[3332.69,1.56005],[3332.7,1.0001],[3332.85,0.0001],[3332.91,15.831609],[3332.93,5.701727],[3332.94,2.772746]]},"raw":{}}
{"exchange":"okx","instance_id":"A","symbol":"ETH-USD","event_ts":1762349861.706,"seq":7218585033547777,"depth":{"last_seq":7218585033547777,"bids":[[3332.94,0.121274],[3332.91,1.227347],[3332.9,1.317746],[3332.89,0.0001],[3332.86,0.030009],[3332.85,0.225],[3332.82,0.030009],[3332.8,0.006202],[3332.72,0.06002],[3332.7,0.0001],[3332.6,0.060141],[3332.45,5.936053],[3332.44,0.2839],[3332.42,0.300078],[3332.41,0.206952],[3332.4,0.741593],[3332.39,0.201285],[3332.38,2.200687],[3332.37,7.14209],[3332.34,0.0001]],"asks":[[3332.38,6.840621],[3332.39,1.317124],[3332.4,1.0],[3332.41,1.0],[3332.43,1.840344],[3332.45,2.23482],[3332.46,4.163257],[3332.48,0.053],[3332.49,1.0],[3332.5,1.0],[3332.51,0.0001],[3332.59,2.86828],[3332.61,2.86828],[3332.64,0.200655],[3332.69,1.56005],[3332.7,1.0001],[3332.85,0.0001],[3332.91,15.831609],[3332.93,5.701727],[3332.94,2.772746]]},"raw":{}}
{"exchange":"okx","instance_id":"A","symbol":"ETH-USD","event_ts":1762349861.806,"seq":7218585033957377,"depth":{"last_seq":7218585033957377,"bids":[[3332.94,0.121274],[3332.91,1.227347],[3332.9,1.317746],[3332.89,0.0001],[3332.86,0.030009],[3332.85,0.225],[3332.82,0.030009],[3332.8,0.006202],[3332.72,0.06002],[3332.7,0.0001],[3332.6,0.060141],[3332.45,5.936053],[3332.44,0.2839],[3332.42,0.300078],[3332.41,0.206952],[3332.4,0.741593],[3332.39,0.201285],[3332.38,2.200687],[3332.37,7.14209],[3332.34,0.0001]],"asks":[[3332.38,6.840621],[3332.39,0.65003],[3332.4,1.0],[3332.41,1.0],[3332.43,1.840344],[3332.45,1.0],[3332.46,4.163257],[3332.48,0.053],[3332.49,1.0],[3332.5,1.0],[3332.51,0.0001],[3332.59,2.86828],[3332.61,2.86828],[3332.64,0.200655],[3332.69,1.56005],[3332.7,1.0001],[3332.85,0.0001],[3332.91,15.831609],[3332.93,5.701727],[3332.94,2.772746]]},"raw":{}}
{"exchange":"okx","instance_id":"A","symbol":"ETH-USD","event_ts":1762349861.906,"seq":7218585034366977,"depth":{"last_seq":7218585034366977,"bids":[[3332.94,0.121274],[3332.91,1.227347],[3332.9,1.317746],[3332.89,0.0001],[3332.86,0.030009],[3332.85,0.225],[3332.82,0.030009],[3332.8,0.006202],[3332.72,0.06002],[3332.7,0.0001],[3332.6,0.060141],[3332.45,5.936053],[3332.44,0.2839],[3332.42,0.300078],[3332.41,0.206952],[3332.4,0.741593],[3332.39,0.201285],[3332.38,2.200687],[3332.37,6.881039],[3332.34,0.0001]],"asks":[[3332.38,6.540536],[3332.39,0.65003],[3332.4,1.0],[3332.41,1.0],[3332.43,1.840344],[3332.45,1.0],[3332.46,4.163257],[3332.48,0.053],[3332.49,1.0],[3332.5,1.0],[3332.51,0.0001],[3332.59,2.86828],[3332.61,2.86828],[3332.64,0.200655],[3332.69,1.56005],[3332.7,1.0001],[3332.85,0.0001],[3332.91,15.831609],[3332.93,5.701727],[3332.94,2.772746]]},"raw":{}}
{"exchange":"okx","instance_id":"A","symbol":"ETH-USD","event_ts":1762349862.006,"seq":7218585034776577,"depth":{"last_seq":7218585034776577,"bids":[[3332.94,0.121274],[3332.91,1.227347],[3332.9,1.317746],[3332.89,0.0001],[3332.86,0.030009],[3332.85,0.225],[3332.82,0.030009],[3332.8,0.006202],[3332.72,0.06002],[3332.7,0.0001],[3332.6,0.060141],[3332.45,5.936053],[3332.44,0.2839],[3332.42,0.300078],[3332.41,0.206952],[3332.4,0.741593],[3332.39,0.201285],[3332.38,2.200687],[3332.37,6.897213],[3332.34,0.0001]],"asks":[[3332.38,6.540536],[3332.39,0.65003],[3332.4,1.0],[3332.41,1.0],[3332.43,1.840344],[3332.45,1.0],[3332.46,4.163257],[3332.48,0.053],[3332.49,1.0],[3332.5,1.0],[3332.51,0.0001],[3332.59,2.86828],[3332.61,2.86828],[3332.64,0.200655],[3332.69,1.56005],[3332.7,1.0001],[3332.85,0.0001],[3332.91,15.831609],[3332.93,5.701727],[3332.94,2.772746]]},"raw":{}}
{"exchange":"okx","instance_id":"A","symbol":"ETH-USD","event_ts":1762349862.106,"seq":7218585035186177,"depth":{"last_seq":7218585035186177,"bids":[[3332.94,0.121274],[3332.91,1.227347],[3332.9,1.317746],[3332.89,0.0001],[3332.86,0.030009],[3332.85,0.225],[3332.82,0.030009],[3332.8,0.006202],[3332.72,0.06002],[3332.7,0.0001],[3332.6,0.060141],[3332.45,5.936053],[3332.44,0.2839],[3332.42,0.300078],[3332.41,0.206952],[3332.4,0.741593],[3332.39,0.201285],[3332.38,2.200687],[3332.37,6.897213],[3332.34,0.0001]],"asks":[[3332.38,6.355636],[3332.39,0.65003],[3332.4,1.0],[3332.41,1.0],[3332.43,1.840344],[3332.45,1.0],[3332.46,4.163257],[3332.48,0.053],[3332.49,1.0],[3332.5,1.0],[3332.51,0.0001],[3332.59,2.86828],[3332.61,2.86828],[3332.64,0.200655],[3332.69,1.56005],[3332.7,1.0001],[3332.85,0.0001],[3332.91,15.831609],[3332.93,5.701727],[3332.94,2.772746]]},"raw":{}}
{"exchange":"okx","instance_id":"A","symbol":"ETH-USD","event_ts":1762349862.206,"seq":7218585035595777,"depth":{"last_seq":7218585035595777,"bids":[[3332.94,0.121274],[3332.91,1.227347],[3332.9,1.317746],[3332.89,0.0001],[3332.86,0.030009],[3332.85,0.225],[3332.82,0.030009],[3332.8,0.006202],[3332.72,0.06002],[3332.7,0.0001],[3332.6,0.060141],[3332.45,5.936053],[3332.44,0.2839],[3332.42,0.300078],[3332.41,0.206952],[3332.4,0.741593],[3332.39,0.201285],[3332.38,2.200687],[3332.37,7.157049],[3332.34,0.0001]],"asks":[[3332.38,6.655721],[3332.39,1.768003],[3332.4,1.0],[3332.41,1.0],[3332.42,3.001011],[3332.43,1.840344],[3332.45,1.0],[3332.46,4.163257],[3332.48,0.053],[3332.49,1.0],[3332.5,1.0],[3332.51,0.0001],[3332.59,2.86828],[3332.61,2.86828],[3332.64,0.200655],[3332.69,1.56005],[3332.7,1.0001],[3332.85,0.0001],[3332.91,15.831609],[3332.93,5.701727]]},"raw":{}}
{"exchange":"okx","instance_id":"A","symbol":"ETH-USD","event_ts":1762349862.406,"seq":7218585036414977,"depth":{"last_seq":7218585036414977,"bids":[[3332.94,0.121274],[3332.91,1.227347],[3332.9,1.317746],[3332.89,0.0001],[3332.86,0.030009],[3332.85,0.225],[3332.82,0.030009],[3332.8,0.006202],[3332.72,0.06002],[3332.7,0.0001],[3332.6,0.060141],[3332.45,5.936053],[3332.44,0.2839],[3332.42,0.300078],[3332.41,0.206952],[3332.4,0.741593],[3332.39,0.201285],[3332.38,2.200687],[3332.37,6.897213],[3332.34,0.0001]],"asks":[[3332.38,6.355636],[3332.39,1.768003],[3332.4,1.0],[3332.41,1.0],[3332.42,3.001011],[3332.43,1.840344],[3332.45,1.0],[3332.46,4.163257],[3332.48,0.053],[3332.49,1.0],[3332.5,1.0],[3332.51,0.0001],[3332.59,2.86828],[3332.61,2.86828],[3332.64,0.200655],[3332.69,1.56005],[3332.7,1.0001],[3332.85,0.0001],[3332.91,15.831609],[3332.93,5.701727]]},"raw":{}}
{"exchange":"okx","instance_id":"A","symbol":"ETH-USD","event_ts":1762349862.906,"seq":7218585038462977,"depth":{"last_seq":7218585038462977,"bids":[[3332.94,0.121274],[3332.91,1.227347],[3332.9,1.317746],[3332.89,0.0001],[3332.86,0.030009],[3332.85,0.225],[3332.82,0.030009],[3332.8,0.006202],[3332.72,0.06002],[3332.7,0.0001],[3332.6,0.060141],[3332.45,5.936053],[3332.44,0.2839],[3332.42,0.300078],[3332.41,0.206952],[3332.4,0.741593],[3332.39,0.201285],[3332.38,2.200687],[3332.37,7.155013],[3332.34,0.0001]],"asks":[[3332.38,6.655721],[3332.39,1.768003],[3332.4,1.0],[3332.41,1.0],[3332.42,3.001011],[3332.43,1.840344],[3332.45,1.0],[3332.46,4.163257],[3332.48,0.053],[3332.49,1.0],[3332.5,1.0],[3332.51,0.0001],[3332.59,2.86828],[3332.61,2.86828],[3332.64,0.200655],[3332.69,1.56005],[3332.7,1.0001],[3332.85,0.0001],[3332.91,15.831609],[3332.93,5.701727]]},"raw":{}}
{"exchange":"okx","instance_id":"A","symbol":"ETH-USD","event_ts":1762349863.006,"seq":7218585038872577,"depth":{"last_seq":7218585038872577,"bids":[[3332.94,0.121274],[3332.91,1.227347],[3332.9,1.317746],[3332.89,0.0001],[3332.86,0.030009],[3332.85,0.225],[3332.82,0.030009],[3332.8,0.006202],[3332.72,0.06002],[3332.7,0.0001],[3332.6,0.060141],[3332.45,5.936053],[3332.44,0.2839],[3332.42,0.300078],[3332.41,0.206952],[3332.4,0.741593],[3332.39,0.201285],[3332.38,2.200687],[3332.37,7.784213],[3332.34,0.0001]],"asks":[[3332.38,5.555636],[3332.39,1.768003],[3332.4,1.0],[3332.41,1.0],[3332.42,3.001011],[3332.43,1.840344],[3332.45,1.0],[3332.46,4.163257],[3332.48,0.053],[3332.49,1.0],[3332.5,1.0],[3332.51,0.0001],[3332.59,2.86828],[3332.61,2.86828],[3332.64,0.200655],[3332.69,1.56005],[3332.7,1.0001],[3332.85,0.0001],[3332.91,15.831609],[3332.93,5.701727]]},"raw":{}}
{"exchange":"okx","instance_id":"A","symbol":"ETH-USD","event_ts":1762349863.106,"seq":7218585039282177,"depth":{"last_seq":7218585039282177,"bids":[[3332.94,0.121274],[3332.91,1.227347],[3332.9,1.317746],[3332.89,0.0001],[3332.86,0.030009],[3332.85,0.225],[3332.82,0.030009],[3332.8,0.006202],[3332.72,0.06002],[3332.7,0.0001],[3332.6,0.060141],[3332.45,5.936053],[3332.44,0.2839],[3332.42,0.300078],[3332.41,0.206952],[3332.4,0.741593],[3332.39,0.201285],[3332.38,2.200687],[3332.37,8.041576],[3332.36,0.347827]],"asks":[[3332.38,4.346987],[3332.39,0.053],[3332.4,1.0],[3332.41,1.0],[3332.42,3.001011],[3332.43,1.840344],[3332.45,1.0],[3332.46,4.163257],[3332.48,0.053],[3332.49,1.0],[3332.5,1.0],[3332.51,0.0001],[3332.59,2.86828],[3332.61,2.86828],[3332.64,0.200655],[3332.69,1.56005],[3332.7,1.0001],[3332.85,0.0001],[3332.91,15.831609],[3332.93,5.701727]]},"raw":{}}
{"exchange":"okx","instance_id":"A","symbol":"ETH-USD","event_ts":1762349863.306,"seq":7218585040101377,"depth":{"last_seq":7218585040101377,"bids":[[3332.94,0.121274],[3332.91,1.227347],[3332.9,1.317746],[3332.89,0.0001],[3332.86,0.030009],[3332.85,0.225],[3332.82,0.030009],[3332.8,0.006202],[3332.72,0.06002],[3332.7,0.0001],[3332.6,0.060141],[3332.45,5.936053],[3332.44,0.2839],[3332.42,0.300078],[3332.41,0.206952],[3332.4,0.741593],[3332.39,0.201285],[3332.38,2.200687],[3332.37,8.041576],[3332.36,0.900358]],"asks":[[3332.38,4.647072],[3332.39,0.053],[3332.4,1.0],[3332.41,1.0],[3332.42,3.001011],[3332.43,1.840344],[3332.45,1.0],[3332.46,4.163257],[3332.48,0.053],[3332.49,1.0],[3332.5,1.0],[3332.51,0.0001],[3332.59,2.86828],[3332.61,2.86828],[3332.64,0.200655],[3332.69,1.56005],[3332.7,1.0001],[3332.85,0.0001],[3332.91,15.831609],[3332.93,5.701727]]},"raw":{}}
{"exchange":"okx","instance_id":"A","symbol":"ETH-USD","event_ts":1762349863.406,"seq":7218585040510977,"depth":{"last_seq":7218585040510977,"bids":[[3332.94,0.121274],[3332.91,1.227347],[3332.9,1.317746],[3332.89,0.0001],[3332.86,0.030009],[3332.85,0.225],[3332.82,0.030009],[3332.8,0.006202],[3332.72,0.06002],[3332.7,0.0001],[3332.6,0.060141],[3332.45,5.936053],[3332.44,0.2839],[3332.42,0.300078],[3332.41,0.206952],[3332.4,0.741593],[3332.39,0.201285],[3332.38,2.200687],[3332.37,8.041576],[3332.36,0.900358]],"asks":[[3332.38,4.346987],[3332.39,0.053],[3332.4,1.0],[3332.41,1.0],[3332.42,3.001011],[3332.43,1.840344],[3332.45,1.0],[3332.46,4.163257],[3332.48,0.053],[3332.49,1.0],[3332.5,1.0],[3332.51,0.0001],[3332.59,2.86828],[3332.61,2.86828],[3332.64,0.200655],[3332.69,1.56005],[3332.7,1.0001],[3332.85,0.0001],[3332.91,15.831609],[3332.93,5.701727]]},"raw":{}}
{"exchange":"okx","instance_id":"A","symbol":"ETH-USD","event_ts":1762349863.506,"seq":7218585040920577,"depth":{"last_seq":7218585040920577,"bids":[[3332.94,0.121274],[3332.91,1.227347],[3332.9,1.317746],[3332.89,0.0001],[3332.86,0.030009],[3332.85,0.225],[3332.82,0.030009],[3332.8,0.006202],[3332.72,0.06002],[3332.7,0.0001],[3332.6,0.060141],[3332.45,5.936053],[3332.44,0.2839],[3332.42,0.300078],[3332.41,0.206952],[3332.4,0.741593],[3332.39,0.201285],[3332.38,2.200687],[3332.37,8.04061],[3332.36,0.900358]],"asks":[[3332.38,4.346987],[3332.39,0.053],[3332.4,1.0],[3332.41,1.0],[3332.42,3.001011],[3332.43,1.840344],[3332.45,1.0],[3332.46,4.163257],[3332.48,0.053],[3332.49,1.0],[3332.5,1.0],[3332.51,0.0001],[3332.59,2.86828],[3332.61,2.86828],[3332.64,0.200655],[3332.69,1.56005],[3332.7,1.0001],[3332.85,0.0001],[3332.91,15.831609],[3332.93,5.701727]]},"raw":{}}
{"exchange":"okx","instance_id":"A","symbol":"ETH-USD","event_ts":1762349863.606,"seq":7218585041330177,"depth":{"last_seq":7218585041330177,"bids":[[3332.94,0.121274],[3332.91,1.227347],[3332.9,1.317746],[3332.89,0.0001],[3332.86,0.030009],[3332.85,0.225],[3332.82,0.030009],[3332.8,0.006202],[3332.72,0.06002],[3332.7,0.0001],[3332.6,0.060141],[3332.45,5.936053],[3332.44,0.2839],[3332.42,0.300078],[3332.41,0.206952],[3332.4,0.741593],[3332.39,0.201285],[3332.38,2.200687],[3332.37,7.784213],[3332.36,0.900358]],"asks":[[3332.38,4.647987],[3332.39,0.053],[3332.4,1.0],[3332.41,1.0],[3332.42,3.001011],[3332.43,1.840344],[3332.45,1.0],[3332.46,4.163257],[3332.48,0.053],[3332.49,1.0],[3332.5,1.0],[3332.51,0.0001],[3332.59,2.86828],[3332.61,2.86828],[3332.64,0.200655],[3332.69,1.56005],[3332.7,1.0001],[3332.85,0.0001],[3332.91,15.831609],[3332.93,5.701727]]},"raw":{}}
{"exchange":"okx","instance_id":"A","symbol":"ETH-USD","event_ts":1762349863.706,"seq":7218585041739777,"depth":{"last_seq":7218585041739777,"bids":[[3332.94,0.121274],[3332.91,1.227347],[3332.9,1.317746],[3332.89,0.0001],[3332.86,0.030009],[3332.85,0.225],[3332.82,0.030009],[3332.8,0.006202],[3332.72,0.06002],[3332.7,0.0001],[3332.6,0.060141],[3332.45,5.936053],[3332.44,0.2839],[3332.42,0.300078],[3332.41,0.206952],[3332.4,0.741593],[3332.39,0.201285],[3332.38,2.200687],[3332.37,8.040232],[3332.36,0.347827]],"asks":[[3332.38,4.647987],[3332.39,0.053],[3332.4,1.0],[3332.41,1.0],[3332.42,3.001011],[3332.43,1.840344],[3332.45,1.0],[3332.46,4.163257],[3332.48,0.053],[3332.49,1.0],[3332.5,1.0],[3332.51,0.0001],[3332.59,2.86828],[3332.61,2.86828],[3332.64,0.200655],[3332.69,1.56005],[3332.7,1.0001],[3332.85,0.0001],[3332.91,15.831609],[3332.93,5.701727]]},"raw":{}}
{"exchange":"okx","instance_id":"A","symbol":"ETH-USD","event_ts":1762349863.806,"seq":7218585042149377,"depth":{"last_seq":7218585042149377,"bids":[[3332.94,0.121274],[3332.91,1.227347],[3332.9,1.317746],[3332.89,0.0001],[3332.86,0.030009],[3332.85,0.225],[3332.82,0.030009],[3332.8,0.006202],[3332.72,0.06002],[3332.7,0.0001],[3332.6,0.060141],[3332.45,5.936053],[3332.44,0.2839],[3332.42,0.300078],[3332.41,0.206952],[3332.4,0.741593],[3332.39,0.201285],[3332.38,2.200687],[3332.37,8.040232],[3332.36,0.347827]],"asks":[[3332.38,4.948072],[3332.39,0.053],[3332.4,1.0],[3332.41,1.0],[3332.42,3.001011],[3332.43,1.840344],[3332.45,1.0],[3332.46,4.163257],[3332.48,0.053],[3332.49,1.0],[3332.5,1.0],[3332.51,0.0001],[3332.59,2.86828],[3332.61,2.86828],[3332.64,0.200655],[3332.69,1.56005],[3332.7,1.0001],[3332.85,0.0001],[3332.91,15.831609],[3332.93,5.701727]]},"raw":{}}
{"exchange":"okx","instance_id":"A","symbol":"ETH-USD","event_ts":1762349863.906,"seq":7218585042558977,"depth":{"last_seq":7218585042558977,"bids":[[3332.94,0.121274],[3332.91,1.227347],[3332.9,1.317746],[3332.89,0.0001],[3332.86,0.030009],[3332.85,0.225],[3332.82,0.030009],[3332.8,0.006202],[3332.72,0.06002],[3332.7,0.0001],[3332.6,0.060141],[3332.45,5.936053],[3332.44,0.2839],[3332.42,0.300078],[3332.41,0.206952],[3332.4,0.741593],[3332.39,0.201285],[3332.38,2.200687],[3332.37,8.040232],[3332.36,0.347827]],"asks":[[3332.38,3.760987],[3332.39,0.053],[3332.4,1.0],[3332.41,1.0],[3332.42,3.001011],[3332.43,1.840344],[3332.45,1.0],[3332.46,4.163257],[3332.48,0.053],[3332.49,1.0],[3332.5,1.0],[3332.51,0.0001],[3332.59,2.86828],[3332.61,2.86828],[3332.64,0.200655],[3332.69,1.56005],[3332.7,1.0001],[3332.85,0.0001],[3332.91,15.831609],[3332.93,5.701727]]},"raw":{}}
{"exchange":"okx","instance_id":"A","symbol":"ETH-USD","event_ts":1762349864.006,"seq":7218585042968577,"depth":{"last_seq":7218585042968577,"bids":[[3332.94,0.121274],[3332.91,1.227347],[3332.9,1.317746],[3332.89,0.0001],[3332.86,0.030009],[3332.85,0.225],[3332.82,0.030009],[3332.8,0.006202],[3332.72,0.06002],[3332.7,0.0001],[3332.6,0.060141],[3332.45,5.936053],[3332.44,0.2839],[3332.42,0.300078],[3332.41,0.206952],[3332.4,0.741593],[3332.39,0.201285],[3332.38,2.200687],[3332.37,8.040232],[3332.36,0.347827]],"asks":[[3332.38,4.061072],[3332.39,0.053],[3332.4,1.0],[3332.41,1.0],[3332.42,3.001011],[3332.43,1.840344],[3332.45,1.0],[3332.46,4.163257],[3332.48,0.053],[3332.49,1.0],[3332.5,1.0],[3332.51,0.0001],[3332.59,2.86828],[3332.61,2.86828],[3332.64,0.200655],[3332.69,1.56005],[3332.7,1.0001],[3332.85,0.0001],[3332.91,15.831609],[3332.93,5.701727]]},"raw":{}}
{"exchange":"okx","instance_id":"A","symbol":"ETH-USD","event_ts":1762349864.106,"seq":7218585043378177,"depth":{"last_seq":7218585043378177,"bids":[[3332.94,0.121274],[3332.91,1.227347],[3332.9,1.317746],[3332.89,0.0001],[3332.86,0.030009],[3332.85,0.225],[3332.82,0.030009],[3332.8,0.006202],[3332.72,0.06002],[3332.7,0.0001],[3332.6,0.060141],[3332.45,5.936053],[3332.44,0.2839],[3332.42,0.300078],[3332.41,0.206952],[3332.4,0.741593],[3332.39,0.201285],[3332.38,2.200687],[3332.37,8.040232],[3332.36,0.347827]],"asks":[[3332.38,3.760987],[3332.39,0.053],[3332.4,1.0],[3332.41,1.0],[3332.42,3.001011],[3332.43,1.840344],[3332.45,1.0],[3332.46,4.163257],[3332.48,0.053],[3332.49,1.0],[3332.5,1.0],[3332.51,0.0001],[3332.59,2.86828],[3332.61,2.86828],[3332.64,0.200655],[3332.69,1.56005],[3332.7,1.0001],[3332.85,0.0001],[3332.91,15.831609],[3332.93,5.701727]]},"raw":{}}
{"exchange":"okx","instance_id":"A","symbol":"ETH-USD","event_ts":1762349864.206,"seq":7218585043787777,"depth":{"last_seq":7218585043787777,"bids":[[3332.94,0.121274],[3332.91,1.227347],[3332.9,1.317746],[3332.89,0.0001],[3332.86,0.030009],[3332.85,0.225],[3332.82,0.030009],[3332.8,0.006202],[3332.72,0.06002],[3332.7,0.0001],[3332.6,0.060141],[3332.45,5.936053],[3332.44,0.2839],[3332.42,0.300078],[3332.41,0.206952],[3332.4,0.741593],[3332.39,0.201285],[3332.38,2.200687],[3332.37,8.040232],[3332.36,0.347827]],"asks":[[3332.38,4.647072],[3332.39,0.053],[3332.4,1.0],[3332.41,1.0],[3332.42,3.001011],[3332.43,1.840344],[3332.45,1.0],[3332.46,4.163257],[3332.48,0.053],[3332.49,1.0],[3332.5,1.0],[3332.51,0.0001],[3332.59,2.86828],[3332.61,2.86828],[3332.64,0.200655],[3332.69,1.56005],[3332.7,1.0001],[3332.85,0.0001],[3332.91,15.831609],[3332.93,5.701727]]},"raw":{}}
{"exchange":"okx","instance_id":"A","symbol":"ETH-USD","event_ts":1762349864.306,"seq":7218585044197377,"depth":{"last_seq":7218585044197377,"bids":[[3332.94,0.121274],[3332.91,1.227347],[3332.9,1.317746],[3332.89,0.0001],[3332.86,0.030009],[3332.85,0.225],[3332.82,0.030009],[3332.8,0.006202],[3332.72,0.06002],[3332.7,0.0001],[3332.6,0.060141],[3332.45,5.936053],[3332.44,0.2839],[3332.42,0.300078],[3332.41,0.206952],[3332.4,0.741593],[3332.39,0.201285],[3332.38,2.200687],[3332.37,8.040232],[3332.36,0.900358]],"asks":[[3332.38,4.647072],[3332.39,0.053],[3332.4,1.0],[3332.41,1.0],[3332.42,3.001011],[3332.43,1.840344],[3332.45,1.0],[3332.46,4.163257],[3332.48,0.053],[3332.49,1.0],[3332.5,1.0],[3332.51,0.0001],[3332.59,2.86828],[3332.61,2.86828],[3332.64,0.200655],[3332.69,1.56005],[3332.7,1.0001],[3332.85,0.0001],[3332.91,15.831609],[3332.93,5.701727]]},"raw":{}}
{"exchange":"okx","instance_id":"A","symbol":"ETH-USD","event_ts":1762349864.406,"seq":7218585044606977,"depth":{"last_seq":7218585044606977,"bids":[[3332.94,0.121274],[3332.91,1.227347],[3332.9,1.317746],[3332.89,0.0001],[3332.86,0.030009],[3332.85,0.225],[3332.82,0.030009],[3332.8,0.006202],[3332.72,0.06002],[3332.7,0.0001],[3332.6,0.060141],[3332.45,5.936053],[3332.44,0.2839],[3332.42,0.300078],[3332.41,0.206952],[3332.4,0.741593],[3332.39,0.201285],[3332.38,2.200687],[3332.37,8.040232],[3332.36,0.900358]],"asks":[[3332.38,4.346987],[3332.39,0.053],[3332.4,1.0],[3332.41,1.0],[3332.42,3.001011],[3332.43,1.840344],[3332.45,1.0],[3332.46,4.163257],[3332.48,0.053],[3332.49,1.0],[3332.5,1.0],[3332.51,0.0001],[3332.59,2.86828],[3332.61,2.86828],[3332.64,0.200655],[3332.69,1.56005],[3332.7,1.0001],[3332.85,0.0001],[3332.91,15.831609],[3332.93,5.701727]]},"raw":{}}
{"exchange":"okx","instance_id":"A","symbol":"ETH-USD","event_ts":1762349864.606,"seq":7218585045426177,"depth":{"last_seq":7218585045426177,"bids":[[3332.94,0.121274],[3332.91,1.227347],[3332.9,1.317746],[3332.89,0.0001],[3332.86,0.030009],[3332.85,0.225],[3332.82,0.030009],[3332.8,0.006202],[3332.72,0.06002],[3332.7,0.0001],[3332.6,0.060141],[3332.45,5.936053],[3332.44,0.2839],[3332.42,0.300078],[3332.41,0.206952],[3332.4,0.741593],[3332.39,0.201285],[3332.38,2.200687],[3332.37,8.040232],[3332.36,0.900358]],"asks":[[3332.38,4.647072],[3332.39,0.053],[3332.4,1.0],[3332.41,1.0],[3332.42,3.001011],[3332.43,1.840344],[3332.45,1.0],[3332.46,4.163257],[3332.48,0.053],[3332.49,1.0],[3332.5,1.0],[3332.51,0.0001],[3332.59,2.86828],[3332.61,2.86828],[3332.64,0.200655],[3332.69,1.56005],[3332.7,1.0001],[3332.85,0.0001],[3332.91,15.831609],[3332.93,5.701727]]},"raw":{}}
{"exchange":"okx","instance_id":"A","symbol":"ETH-USD","event_ts":1762349864.706,"seq":7218585045835777,"depth":{"last_seq":7218585045835777,"bids":[[3332.94,0.121274],[3332.91,1.227347],[3332.9,1.317746],[3332.89,0.0001],[3332.86,0.030009],[3332.85,0.225],[3332.82,0.030009],[3332.8,0.006202],[3332.72,0.06002],[3332.7,0.0001],[3332.6,0.060141],[3332.45,5.936053],[3332.44,0.2839],[3332.42,0.300078],[3332.41,0.206952],[3332.4,0.741593],[3332.39,0.201285],[3332.38,2.200687],[3332.37,7.1512269999999996],[3332.36,0.347827]],"asks":[[3332.38,5.035877],[3332.39,0.053],[3332.4,1.0],[3332.41,1.0],[3332.42,3.001011],[3332.43,1.840344],[3332.45,1.0],[3332.46,4.163257],[3332.48,0.053],[3332.49,1.0],[3332.5,1.0],[3332.51,0.0001],[3332.59,2.86828],[3332.61,2.86828],[3332.64,0.200655],[3332.69,1.56005],[3332.7,1.0001],[3332.85,0.0001],[3332.91,15.831609],[3332.93,5.701727]]},"raw":{}}
{"exchange":"okx","instance_id":"A","symbol":"ETH-USD","event_ts":1762349864.806,"seq":7218585046245377,"depth":{"last_seq":7218585046245377,"bids":[[3332.94,0.121274],[3332.91,1.227347],[3332.9,1.317746],[3332.89,0.0001],[3332.86,0.030009],[3332.85,0.225],[3332.82,0.030009],[3332.8,0.006202],[3332.72,0.06002],[3332.7,0.0001],[3332.6,0.060141],[3332.45,5.936053],[3332.44,0.2839],[3332.42,0.300078],[3332.41,0.206952],[3332.4,0.741593],[3332.39,0.201285],[3332.38,2.200687],[3332.37,6.897213],[3332.36,0.347827]],"asks":[[3332.38,5.035877],[3332.39,0.053],[3332.4,2.492832],[3332.41,1.0],[3332.42,3.001011],[3332.43,1.840344],[3332.45,1.0],[3332.46,4.163257],[3332.48,0.053],[3332.49,1.0],[3332.5,1.0],[3332.51,0.0001],[3332.59,2.86828],[3332.61,2.86828],[3332.64,0.200655],[3332.69,1.56005],[3332.7,1.0001],[3332.85,0.0001],[3332.91,15.831609],[3332.93,5.701727]]},"raw":{}}
{"exchange":"okx","instance_id":"A","symbol":"ETH-USD","event_ts":1762349864.906,"seq":7218585046654977,"depth":{"last_seq":7218585046654977,"bids":[[3332.94,0.121274],[3332.91,1.227347],[3332.9,1.317746],[3332.89,0.0001],[3332.86,0.030009],[3332.85,0.225],[3332.82,0.030009],[3332.8,0.006202],[3332.72,0.06002],[3332.7,0.0001],[3332.6,0.060141],[3332.45,5.936053],[3332.44,0.2839],[3332.42,0.300078],[3332.41,0.206952],[3332.4,0.741593],[3332.39,0.201285],[3332.38,2.200687],[3332.37,6.897213],[3332.36,0.347827]],"asks":[[3332.38,4.88271],[3332.39,0.053],[3332.4,1.0],[3332.41,1.0],[3332.42,3.001011],[3332.43,1.840344],[3332.45,1.0],[3332.46,4.163257],[3332.48,0.053],[3332.49,1.0],[3332.5,1.0],[3332.51,0.0001],[3332.59,2.86828],[3332.61,2.86828],[3332.64,0.200655],[3332.69,1.56005],[3332.7,1.0001],[3332.85,0.0001],[3332.91,15.831609],[3332.93,5.701727]]},"raw":{}}
{"exchange":"okx","instance_id":"A","symbol":"ETH-USD","event_ts":1762349865.006,"seq":7218585047064577,"depth":{"last_seq":7218585047064577,"bids":[[3332.94,0.121274],[3332.91,1.227347],[3332.9,1.317746],[3332.89,0.0001],[3332.86,0.030009],[3332.85,0.225],[3332.82,0.030009],[3332.8,0.006202],[3332.72,0.06002],[3332.7,0.0001],[3332.6,0.060141],[3332.45,5.936053],[3332.44,0.2839],[3332.42,0.300078],[3332.41,0.206952],[3332.4,0.741593],[3332.39,0.201285],[3332.38,2.200687],[3332.37,7.784213],[3332.36,0.347827]],"asks":[[3332.38,4.88271],[3332.39,0.053],[3332.4,2.492832],[3332.41,1.0],[3332.42,3.001011],[3332.43,1.840344],[3332.45,1.0],[3332.46,4.163257],[3332.48,0.053],[3332.49,1.0],[3332.5,1.0],[3332.51,0.0001],[3332.59,2.86828],[3332.61,2.86828],[3332.64,0.200655],[3332.69,1.56005],[3332.7,1.0001],[3332.85,0.0001],[3332.91,15.831609],[3332.93,5.701727]]},"raw":{}}
{"exchange":"okx","instance_id":"A","symbol":"ETH-USD","event_ts":1762349865.106,"seq":7218585047474177,"depth":{"last_seq":7218585047474177,"bids":[[3332.94,0.121274],[3332.91,1.227347],[3332.9,1.317746],[3332.89,0.0001],[3332.86,0.030009],[3332.85,0.225],[3332.82,0.030009],[3332.8,0.006202],[3332.72,0.06002],[3332.7,0.0001],[3332.6,0.060141],[3332.45,5.936053],[3332.44,0.2839],[3332.42,0.300078],[3332.41,0.206952],[3332.4,0.741593],[3332.39,0.201285],[3332.38,2.200687],[3332.37,6.897213],[3332.36,0.347827]],"asks":[[3332.38,5.182795],[3332.39,0.053],[3332.4,2.492832],[3332.41,1.0],[3332.42,3.001011],[3332.43,1.840344],[3332.45,1.0],[3332.46,4.163257],[3332.48,0.053],[3332.49,1.0],[3332.5,1.0],[3332.51,0.0001],[3332.59,2.86828],[3332.61,2.86828],[3332.64,0.200655],[3332.69,1.56005],[3332.7,1.0001],[3332.85,0.0001],[3332.91,15.831609],[3332.93,5.701727]]},"raw":{}}
{"exchange":"okx","instance_id":"A","symbol":"ETH-USD","event_ts":1762349865.206,"seq":7218585047883777,"depth":{"last_seq":7218585047883777,"bids":[[3332.94,0.121274],[3332.91,1.227347],[3332.9,1.317746],[3332.89,0.0001],[3332.86,0.030009],[3332.85,0.225],[3332.82,0.030009],[3332.8,0.006202],[3332.72,0.06002],[3332.7,0.0001],[3332.6,0.060141],[3332.45,5.936053],[3332.44,0.2839],[3332.42,0.300078],[3332.41,0.206952],[3332.4,0.741593],[3332.39,0.201285],[3332.38,2.200687],[3332.37,7.198213],[3332.36,0.347827]],"asks":[[3332.38,5.182795],[3332.39,0.053],[3332.4,2.492832],[3332.41,1.0],[3332.42,3.001011],[3332.43,1.840344],[3332.45,1.0],[3332.46,4.163257],[3332.48,0.053],[3332.49,1.0],[3332.5,1.0],[3332.51,0.0001],[3332.59,2.86828],[3332.61,2.86828],[3332.64,0.200655],[3332.69,1.56005],[3332.7,1.0001],[3332.85,0.0001],[3332.91,15.831609],[3332.93,5.701727]]},"raw":{}}
{"exchange":"okx","instance_id":"A","symbol":"ETH-USD","event_ts":1762349865.306,"seq":7218585048293377,"depth":{"last_seq":7218585048293377,"bids":[[3332.94,0.121274],[3332.91,1.227347],[3332.9,1.317746],[3332.89,0.0001],[3332.86,0.030009],[3332.85,0.225],[3332.82,0.030009],[3332.8,0.006202],[3332.72,0.06002],[3332.7,0.0001],[3332.6,0.060141],[3332.45,5.936053],[3332.44,0.2839],[3332.42,0.300078],[3332.41,0.206952],[3332.4,0.741593],[3332.39,0.201285],[3332.38,2.200687],[3332.37,6.897213],[3332.36,0.347827]],"asks":[[3332.38,4.88271],[3332.39,0.053],[3332.4,2.492832],[3332.41,1.0],[3332.42,3.001011],[3332.43,1.840344],[3332.45,1.0],[3332.46,4.163257],[3332.48,0.053],[3332.49,1.0],[3332.5,1.0],[3332.51,0.0001],[3332.59,2.86828],[3332.61,2.86828],[3332.64,0.200655],[3332.69,1.56005],[3332.7,1.0001],[3332.85,0.0001],[3332.91,15.831609],[3332.93,5.701727]]},"raw":{}}
{"exchange":"okx","instance_id":"A","symbol":"ETH-USD","event_ts":1762349865.406,"seq":7218585048702977,"depth":{"last_seq":7218585048702977,"bids":[[3332.94,0.121274],[3332.91,1.227347],[3332.9,1.317746],[3332.89,0.0001],[3332.86,0.030009],[3332.85,0.225],[3332.82,0.030009],[3332.8,0.006202],[3332.72,0.06002],[3332.7,0.0001],[3332.6,0.060141],[3332.45,5.936053],[3332.44,0.2839],[3332.42,0.300078],[3332.41,0.206952],[3332.4,0.741593],[3332.39,0.201285],[3332.38,2.200687],[3332.37,6.896899],[3332.36,0.347827]],"asks":[[3332.38,4.88271],[3332.39,0.053],[3332.4,2.492832],[3332.41,1.0],[3332.42,3.001011],[3332.43,1.840344],[3332.45,1.0],[3332.46,4.163257],[3332.48,0.053],[3332.49,1.0],[3332.5,1.0],[3332.51,0.0001],[3332.59,2.86828],[3332.61,2.86828],[3332.64,0.200655],[3332.69,1.56005],[3332.7,1.0001],[3332.85,0.0001],[3332.91,15.831609],[3332.93,5.701727]]},"raw":{}}
{"exchange":"okx","instance_id":"A","symbol":"ETH-USD","event_ts":1762349865.606,"seq":7218585049522177,"depth":{"last_seq":7218585049522177,"bids":[[3332.94,0.121274],[3332.91,1.227347],[3332.9,1.317746],[3332.89,0.0001],[3332.86,0.030009],[3332.85,0.225],[3332.82,0.030009],[3332.8,0.006202],[3332.72,0.06002],[3332.7,0.0001],[3332.6,0.060141],[3332.45,5.936053],[3332.44,0.2839],[3332.42,0.300078],[3332.41,0.206952],[3332.4,0.741593],[3332.39,0.201285],[3332.38,2.200687],[3332.37,7.197899],[3332.36,0.347827]],"asks":[[3332.38,4.88271],[3332.39,0.053],[3332.4,2.492832],[3332.41,1.0],[3332.42,3.001011],[3332.43,1.840344],[3332.45,1.0],[3332.46,4.163257],[3332.48,0.053],[3332.49,1.0],[3332.5,1.0],[3332.51,0.0001],[3332.59,2.86828],[3332.61,2.86828],[3332.64,0.200655],[3332.69,1.56005],[3332.7,1.0001],[3332.85,0.0001],[3332.91,15.831609],[3332.93,5.701727]]},"raw":{}}
{"exchange":"okx","instance_id":"A","symbol":"ETH-USD","event_ts":1762349865.806,"seq":7218585050341377,"depth":{"last_seq":7218585050341377,"bids":[[3332.94,0.121274],[3332.91,1.227347],[3332.9,1.317746],[3332.89,0.0001],[3332.86,0.030009],[3332.85,0.225],[3332.82,0.030009],[3332.8,0.006202],[3332.72,0.06002],[3332.7,0.0001],[3332.6,0.060141],[3332.45,5.936053],[3332.44,0.2839],[3332.42,0.300078],[3332.41,0.206952],[3332.4,0.741593],[3332.39,0.201285],[3332.38,2.200687],[3332.37,7.783899],[3332.36,0.347827]],"asks":[[3332.38,4.88271],[3332.39,0.053],[3332.4,2.492832],[3332.41,1.0],[3332.42,3.001011],[3332.43,1.840344],[3332.45,1.0],[3332.46,4.163257],[3332.48,0.053],[3332.49,1.0],[3332.5,1.0],[3332.51,0.0001],[3332.59,2.86828],[3332.61,2.86828],[3332.64,0.200655],[3332.69,1.56005],[3332.7,1.0001],[3332.85,0.0001],[3332.91,15.831609],[3332.93,5.701727]]},"raw":{}}
{"exchange":"okx","instance_id":"A","symbol":"ETH-USD","event_ts":1762349866.006,"seq":7218585051160577,"depth":{"last_seq":7218585051160577,"bids":[[3332.94,0.121274],[3332.91,1.227347],[3332.9,1.317746],[3332.89,0.0001],[3332.86,0.030009],[3332.85,0.225],[3332.82,0.030009],[3332.8,0.006202],[3332.72,0.06002],[3332.7,0.0001],[3332.6,0.060141],[3332.45,5.936053],[3332.44,0.2839],[3332.42,0.300078],[3332.41,0.206952],[3332.4,0.741593],[3332.39,0.201285],[3332.38,2.200687],[3332.37,8.034194],[3332.36,0.347827]],"asks":[[3332.38,5.182795],[3332.39,0.053],[3332.4,2.492832],[3332.41,1.0],[3332.42,3.001011],[3332.43,1.840344],[3332.45,1.0],[3332.46,4.163257],[3332.48,0.053],[3332.49,1.0],[3332.5,1.0],[3332.51,0.0001],[3332.59,2.86828],[3332.61,2.86828],[3332.64,0.200655],[3332.69,1.56005],[3332.7,1.0001],[3332.85,0.0001],[3332.91,15.831609],[3332.93,5.701727]]},"raw":{}}
{"exchange":"okx","instance_id":"A","symbol":"ETH-USD","event_ts":1762349866.106,"seq":7218585051570177,"depth":{"last_seq":7218585051570177,"bids":[[3332.94,0.121274],[3332.91,1.227347],[3332.9,1.317746],[3332.89,0.0001],[3332.86,0.030009],[3332.85,0.225],[3332.82,0.030009],[3332.8,0.006202],[3332.72,0.06002],[3332.7,0.0001],[3332.6,0.060141],[3332.45,5.936053],[3332.44,0.2839],[3332.42,0.300078],[3332.41,0.206952],[3332.4,0.741593],[3332.39,0.201285],[3332.38,2.200687],[3332.37,8.034194],[3332.36,0.347827]],"asks":[[3332.38,4.58171],[3332.39,0.053],[3332.4,2.492832],[3332.41,1.0],[3332.42,3.001011],[3332.43,1.840344],[3332.45,1.0],[3332.46,4.163257],[3332.48,0.053],[3332.49,1.0],[3332.5,1.0],[3332.51,0.0001],[3332.59,2.86828],[3332.61,2.86828],[3332.64,0.200655],[3332.69,1.56005],[3332.7,1.0001],[3332.85,0.0001],[3332.91,15.831609],[3332.93,5.701727]]},"raw":{}}
{"exchange":"okx","instance_id":"A","symbol":"ETH-USD","event_ts":1762349866.206,"seq":7218585051979777,"depth":{"last_seq":7218585051979777,"bids":[[3332.94,0.121274],[3332.91,1.227347],[3332.9,1.317746],[3332.89,0.0001],[3332.86,0.030009],[3332.85,0.225],[3332.82,0.030009],[3332.8,0.006202],[3332.72,0.06002],[3332.7,0.0001],[3332.6,0.060141],[3332.45,5.936053],[3332.44,0.2839],[3332.42,0.300078],[3332.41,0.206952],[3332.4,0.741593],[3332.39,0.201285],[3332.38,2.200687],[3332.37,7.783899],[3332.36,0.347827]],"asks":[[3332.38,4.58171],[3332.39,0.053],[3332.4,2.492832],[3332.41,1.0],[3332.42,3.001011],[3332.43,1.840344],[3332.45,1.0],[3332.46,4.163257],[3332.48,0.053],[3332.49,1.0],[3332.5,1.0],[3332.51,0.0001],[3332.59,2.86828],[3332.61,2.86828],[3332.64,0.200655],[3332.69,1.56005],[3332.7,1.0001],[3332.85,0.0001],[3332.91,15.831609],[3332.93,5.701727]]},"raw":{}}
{"exchange":"okx","instance_id":"A","symbol":"ETH-USD","event_ts":1762349866.306,"seq":7218585052389377,"depth":{"last_seq":7218585052389377,"bids":[[3332.94,0.121274],[3332.91,1.227347],[3332.9,1.317746],[3332.89,0.0001],[3332.86,0.030009],[3332.85,0.225],[3332.82,0.030009],[3332.8,0.006202],[3332.72,0.06002],[3332.7,0.0001],[3332.6,0.060141],[3332.45,5.936053],[3332.44,0.2839],[3332.42,0.300078],[3332.41,0.206952],[3332.4,0.741593],[3332.39,0.201285],[3332.38,2.200687],[3332.37,7.783899],[3332.36,0.347827]],"asks":[[3332.38,4.88271],[3332.39,0.053],[3332.4,2.492832],[3332.41,1.0],[3332.42,3.001011],[3332.43,1.840344],[3332.45,1.0],[3332.46,4.163257],[3332.48,0.053],[3332.49,1.0],[3332.5,1.0],[3332.51,0.0001],[3332.59,2.86828],[3332.61,2.86828],[3332.64,0.200655],[3332.69,1.56005],[3332.7,1.0001],[3332.85,0.0001],[3332.91,15.831609],[3332.93,5.701727]]},"raw":{}}
{"exchange":"okx","instance_id":"A","symbol":"ETH-USD","event_ts":1762349866.506,"seq":7218585053208577,"depth":{"last_seq":7218585053208577,"bids":[[3332.94,0.121274],[3332.91,1.227347],[3332.9,1.317746],[3332.89,0.0001],[3332.86,0.030009],[3332.85,0.225],[3332.82,0.030009],[3332.8,0.006202],[3332.72,0.06002],[3332.7,0.0001],[3332.6,0.060141],[3332.45,5.936053],[3332.44,0.2839],[3332.42,0.300078],[3332.41,0.206952],[3332.4,0.741593],[3332.39,0.201285],[3332.38,2.200687],[3332.37,7.197899],[3332.36,0.347827]],"asks":[[3332.38,4.88271],[3332.39,0.053],[3332.4,2.492832],[3332.41,1.0],[3332.42,3.001011],[3332.43,1.840344],[3332.45,1.0],[3332.46,4.163257],[3332.48,0.053],[3332.49,1.0],[3332.5,1.0],[3332.51,0.0001],[3332.59,2.86828],[3332.61,2.86828],[3332.64,0.200655],[3332.69,1.56005],[3332.7,1.0001],[3332.85,0.0001],[3332.91,15.831609],[3332.93,5.701727]]},"raw":{}}
{"exchange":"okx","instance_id":"A","symbol":"ETH-USD","event_ts":1762349866.606,"seq":7218585053618177,"depth":{"last_seq":7218585053618177,"bids":[[3332.94,0.121274],[3332.91,1.227347],[3332.9,1.317746],[3332.89,0.0001],[3332.86,0.030009],[3332.85,0.225],[3332.82,0.030009],[3332.8,0.006202],[3332.72,0.06002],[3332.7,0.0001],[3332.6,0.060141],[3332.45,5.936053],[3332.44,0.2839],[3332.42,0.300078],[3332.41,0.206952],[3332.4,0.741593],[3332.39,0.201285],[3332.38,2.200687],[3332.37,7.145943],[3332.36,0.347827]],"asks":[[3332.38,5.182795],[3332.39,0.053],[3332.4,2.492832],[3332.41,1.0],[3332.42,3.001011],[3332.43,1.840344],[3332.45,1.0],[3332.46,4.163257],[3332.48,0.053],[3332.49,1.0],[3332.5,1.0],[3332.51,0.0001],[3332.59,2.86828],[3332.61,2.86828],[3332.64,0.200655],[3332.69,1.56005],[3332.7,1.0001],[3332.85,0.0001],[3332.91,15.831609],[3332.93,5.701727]]},"raw":{}}
{"exchange":"okx","instance_id":"A","symbol":"ETH-USD","event_ts":1762350215.706,"seq":7218586483531777,"depth":{"last_seq":7218586483531777,"bids":[[3358.75,3.29971],[3358.74,0.0001],[3358.73,0.0711],[3358.7,0.159],[3358.66,0.029778]],"asks":[[3358.76,1.026892],[3358.8,0.151],[3358.85,0.151],[3358.9,0.151],[3358.95,0.159]]},"raw":{}}
{"exchange":"okx","instance_id":"A","symbol":"ETH-USD","event_ts":1762350215.806,"seq":7218586483941377,"depth":{"last_seq":7218586483941377,"bids":[[3358.84,5.699083],[3358.8,0.151],[3358.75,0.151],[3358.74,0.0001],[3358.73,0.0711],[3358.7,0.159],[3358.66,0.029778]],"asks":[[3358.76,1.026892],[3358.8,0.151],[3358.85,0.725025],[3358.9,0.151],[3358.95,0.159],[3359.0,0.159],[3359.02,0.193519]]},"raw":{}}
{"exchange":"okx","instance_id":"A","symbol":"ETH-USD","event_ts":1762350215.906,"seq":7218586484350977,"depth":{"last_seq":7218586484350977,"bids":[[3358.84,4.734677],[3358.8,0.151],[3358.75,0.151],[3358.74,0.0001],[3358.73,0.0711],[3358.7,0.159],[3358.66,0.029778]],"asks":[[3358.76,1.026892],[3358.8,0.151],[3358.85,1.808843],[3358.9,0.151],[3358.95,0.159],[3359.0,0.159],[3359.01,0.046268],[3359.02,0.193519]]},"raw":{}}
{"exchange":"okx","instance_id":"A","symbol":"ETH-USD","event_ts":1762350216.006,"seq":7218586484760577,"depth":{"last_seq":7218586484760577,"bids":[[3358.84,4.730223],[3358.8,0.151],[3358.75,0.151],[3358.74,0.0001],[3358.73,0.0711],[3358.7,0.159],[3358.66,0.029778]],"asks":[[3358.76,1.026892],[3358.8,0.151],[3358.85,1.550843],[3358.9,0.151],[3358.95,0.159],[3359.0,0.159],[3359.01,0.046268],[3359.02,0.193519]]},"raw":{}}
{"exchange":"okx","instance_id":"A","symbol":"ETH-USD","event_ts":1762350216.106,"seq":7218586485170177,"depth":{"last_seq":7218586485170177,"bids":[[3358.84,3.513562],[3358.8,0.151],[3358.75,0.151],[3358.74,0.0001],[3358.73,0.0711],[3358.7,0.159],[3358.66,0.029778]],"asks":[[3358.76,1.026892],[3358.8,0.151],[3358.85,1.550843],[3358.9,0.151],[3358.95,0.159],[3359.0,0.159],[3359.01,0.046268],[3359.02,0.193519]]},"raw":{}}
{"exchange":"okx","instance_id":"A","symbol":"ETH-USD","event_ts":1762350216.206,"seq":7218586485579777,"depth":{"last_seq":7218586485579777,"bids":[[3358.84,3.715432],[3358.8,0.151],[3358.75,0.151],[3358.74,0.0001],[3358.73,0.0711],[3358.7,0.159],[3358.66,0.029778]],"asks":[[3358.76,1.026892],[3358.8,0.151],[3358.85,0.316025],[3358.9,0.151],[3358.95,0.159],[3359.0,0.159],[3359.01,0.046268],[3359.02,0.193519]]},"raw":{}}
{"exchange":"okx","instance_id":"A","symbol":"ETH-USD","event_ts":1762350216.406,"seq":7218586486398977,"depth":{"last_seq":7218586486398977,"bids":[[3358.84,3.715432],[3358.8,0.151],[3358.75,0.151],[3358.74,0.0001],[3358.73,0.0711],[3358.7,0.159],[3358.66,0.029778]],"asks":[[3358.76,1.026892],[3358.8,0.151],[3358.85,1.348845],[3358.9,0.151],[3358.95,0.159],[3359.0,0.159],[3359.01,0.046268],[3359.02,0.193519]]},"raw":{}}
{"exchange":"okx","instance_id":"A","symbol":"ETH-USD","event_ts":1762350216.606,"seq":7218586487218177,"depth":{"last_seq":7218586487218177,"bids":[[3358.84,3.715432],[3358.8,0.151],[3358.75,0.151],[3358.74,0.0001],[3358.73,0.0711],[3358.7,0.159],[3358.66,0.029778]],"asks":[[3358.76,1.026892],[3358.8,0.151],[3358.85,1.499845],[3358.9,0.151],[3358.95,0.159],[3359.0,0.159],[3359.01,0.046268],[3359.02,0.193519]]},"raw":{}}
{"exchange":"okx","instance_id":"A","symbol":"ETH-USD","event_ts":1762350216.706,"seq":7218586487627777,"depth":{"last_seq":7218586487627777,"bids":[[3358.84,2.981616],[3358.8,0.151],[3358.75,0.151],[3358.74,0.0001],[3358.73,0.0711],[3358.7,0.159],[3358.66,0.029778]],"asks":[[3358.76,1.026892],[3358.8,0.151],[3358.85,2.386874],[3358.9,0.151],[3358.91,0.124155],[3358.95,0.159],[3359.0,0.159],[3359.01,0.046268],[3359.02,0.193519]]},"raw":{}}
{"exchange":"okx","instance_id":"A","symbol":"ETH-USD","event_ts":1762350216.806,"seq":7218586488037377,"depth":{"last_seq":7218586488037377,"bids":[[3358.84,3.18113],[3358.8,0.151],[3358.75,0.151],[3358.74,0.0001],[3358.73,0.0711],[3358.7,0.159],[3358.66,0.029778]],"asks":[[3358.76,1.026892],[3358.8,0.151],[3358.85,2.168663],[3358.9,0.151],[3358.91,0.124155],[3358.95,0.159],[3359.0,0.159],[3359.01,0.046268],[3359.02,0.193519]]},"raw":{}}
{"exchange":"okx","instance_id":"A","symbol":"ETH-USD","event_ts":1762350216.906,"seq":7218586488446977,"depth":{"last_seq":7218586488446977,"bids":[[3358.84,3.180503],[3358.8,0.151],[3358.75,0.151],[3358.74,0.0001],[3358.73,0.0711],[3358.7,0.159],[3358.66,0.029778]],"asks":[[3358.76,1.026892],[3358.8,0.151],[3358.85,2.168663],[3358.9,0.151],[3358.91,0.124155],[3358.95,0.159],[3359.0,0.159],[3359.01,0.046268],[3359.02,0.193519]]},"raw":{}}
{"exchange":"okx","instance_id":"A","symbol":"ETH-USD","event_ts":1762350217.006,"seq":7218586488856577,"depth":{"last_seq":7218586488856577,"bids":[[3358.84,4.508003],[3358.8,0.151],[3358.75,0.151],[3358.74,0.0001],[3358.73,0.0711],[3358.7,0.159],[3358.66,0.029778]],"asks":[[3358.76,1.026892],[3358.8,0.151],[3358.85,1.348845],[3358.9,0.151],[3358.91,0.124155],[3358.95,0.159],[3359.0,0.159],[3359.01,0.046268],[3359.02,0.193519]]},"raw":{}}
{"exchange":"okx","instance_id":"A","symbol":"ETH-USD","event_ts":1762350217.106,"seq":7218586489266177,"depth":{"last_seq":7218586489266177,"bids":[[3358.84,2.981616],[3358.8,0.151],[3358.75,0.151],[3358.74,0.0001],[3358.73,0.0711],[3358.7,0.159],[3358.66,0.029778]],"asks":[[3358.76,1.026892],[3358.8,0.151],[3358.85,2.55272],[3358.9,0.151],[3358.91,0.124155],[3358.95,0.159],[3359.0,0.159],[3359.01,0.046268],[3359.02,0.193519]]},"raw":{}}
{"exchange":"okx","instance_id":"A","symbol":"ETH-USD","event_ts":1762350217.206,"seq":7218586489675777,"depth":{"last_seq":7218586489675777,"bids":[[3358.84,2.981616],[3358.8,0.151],[3358.75,0.151],[3358.74,0.0001],[3358.73,0.0711],[3358.7,0.159],[3358.66,0.029778]],"asks":[[3358.76,1.026892],[3358.8,0.151],[3358.85,2.335663],[3358.9,0.151],[3358.91,0.124155],[3358.95,0.159],[3359.0,0.159],[3359.01,0.046268],[3359.02,0.193519]]},"raw":{}}
{"exchange":"okx","instance_id":"A","symbol":"ETH-USD","event_ts":1762350217.306,"seq":7218586490085377,"depth":{"last_seq":7218586490085377,"bids":[[3358.84,2.981616],[3358.8,0.151],[3358.75,0.151],[3358.74,0.0001],[3358.73,0.0711],[3358.7,0.159],[3358.66,0.029778]],"asks":[[3358.76,1.026892],[3358.8,0.151],[3358.85,2.552159],[3358.86,0.012],[3358.9,0.151],[3358.91,0.124155],[3358.95,0.159],[3359.0,0.159],[3359.01,0.046268],[3359.02,0.193519]]},"raw":{}}
{"exchange":"okx","instance_id":"A","symbol":"ETH-USD","event_ts":1762350217.406,"seq":7218586490494977,"depth":{"last_seq":7218586490494977,"bids":[[3358.84,2.981616],[3358.8,0.151],[3358.75,0.151],[3358.74,0.0001],[3358.73,0.0711],[3358.7,0.159],[3358.66,0.029778]],"asks":[[3358.76,1.026892],[3358.8,0.151],[3358.85,2.335663],[3358.86,0.012],[3358.9,0.151],[3358.91,0.124155],[3358.95,0.159],[3359.0,0.159],[3359.01,0.046268],[3359.02,0.193519]]},"raw":{}}
{"exchange":"okx","instance_id":"A","symbol":"ETH-USD","event_ts":1762350217.506,"seq":7218586490904577,"depth":{"last_seq":7218586490904577,"bids":[[3358.84,2.981616],[3358.8,0.151],[3358.75,0.151],[3358.74,0.0001],[3358.73,0.0711],[3358.7,0.159],[3358.66,0.029778]],"asks":[[3358.76,1.026892],[3358.8,0.151],[3358.85,2.551807],[3358.86,0.012],[3358.9,0.151],[3358.91,0.124155],[3358.95,0.159],[3359.0,0.159],[3359.01,0.046268],[3359.02,0.193519]]},"raw":{}}
{"exchange":"okx","instance_id":"A","symbol":"ETH-USD","event_ts":1762350217.606,"seq":7218586491314177,"depth":{"last_seq":7218586491314177,"bids":[[3358.84,2.981616],[3358.8,0.151],[3358.75,0.151],[3358.74,0.0001],[3358.73,0.0711],[3358.7,0.159],[3358.66,0.029778]],"asks":[[3358.76,1.026892],[3358.8,0.151],[3358.85,2.463828],[3358.86,0.012],[3358.9,0.151],[3358.91,0.124155],[3358.95,0.159],[3359.0,0.159],[3359.01,0.046268],[3359.02,0.193519]]},"raw":{}}
{"exchange":"okx","instance_id":"A","symbol":"ETH-USD","event_ts":1762350217.806,"seq":7218586492133377,"depth":{"last_seq":7218586492133377,"bids":[[3358.84,3.176986],[3358.8,0.151],[3358.75,0.151],[3358.74,0.0001],[3358.73,0.0711],[3358.7,0.159],[3358.66,0.029778]],"asks":[[3358.76,1.026892],[3358.8,0.151],[3358.85,2.463828],[3358.86,0.012],[3358.9,0.151],[3358.91,0.124155],[3358.95,0.159],[3359.0,0.159],[3359.01,0.046268],[3359.02,0.193519]]},"raw":{}}
{"exchange":"okx","instance_id":"A","symbol":"ETH-USD","event_ts":1762350217.906,"seq":7218586492542977,"depth":{"last_seq":7218586492542977,"bids":[[3358.84,3.176986],[3358.8,0.151],[3358.75,0.886702],[3358.74,0.0001],[3358.73,0.0711],[3358.7,0.159],[3358.66,0.029778],[3358.65,0.159],[3358.64,0.001725]],"asks":[[3358.76,2.485238],[3358.8,0.151],[3358.85,0.880071],[3358.86,0.012],[3358.9,0.151],[3358.91,0.124155],[3358.95,0.159],[3359.0,0.159],[3359.01,0.046268],[3359.02,0.193519]]},"raw":{}}
{"exchange":"okx","instance_id":"A","symbol":"ETH-USD","event_ts":1762350218.006,"seq":7218586492952577,"depth":{"last_seq":7218586492952577,"bids":[[3358.84,3.176986],[3358.8,0.151],[3358.75,0.886702],[3358.74,0.0001],[3358.73,0.0711],[3358.7,2.354],[3358.66,0.029778],[3358.65,0.159],[3358.64,0.001725],[3358.62,0.0001],[3358.61,0.029778],[3358.6,0.159]],"asks":[[3358.71,2.926317],[3358.75,0.151],[3358.76,0.600906],[3358.8,0.151],[3358.85,0.880071],[3358.86,0.012],[3358.9,0.151],[3358.91,0.124155],[3358.95,0.159],[3359.0,0.159],[3359.01,0.046268],[3359.02,0.193519]]},"raw":{}}
{"exchange":"okx","instance_id":"A","symbol":"ETH-USD","event_ts":1762350218.106,"seq":7218586493362177,"depth":{"last_seq":7218586493362177,"bids":[[3358.84,3.176986],[3358.8,0.151],[3358.75,0.886702],[3358.74,0.0001],[3358.73,0.0711],[3358.7,2.354],[3358.66,0.029778],[3358.65,0.159],[3358.64,0.001725],[3358.62,0.0001],[3358.61,0.029778],[3358.6,0.159],[3358.56,0.029879],[3358.54,0.073119],[3358.53,0.001543]],"asks":[[3358.66,2.022581],[3358.71,3.227317],[3358.75,0.151],[3358.76,0.600906],[3358.8,0.151],[3358.85,0.880071],[3358.86,0.012],[3358.9,0.151],[3358.91,0.124155],[3358.95,0.159],[3359.0,0.159],[3359.01,0.046268],[3359.02,0.193519]]},"raw":{}}
{"exchange":"okx","instance_id":"A","symbol":"ETH-USD","event_ts":1762350218.206,"seq":7218586493771777,"depth":{"last_seq":7218586493771777,"bids":[[3358.84,3.176986],[3358.8,0.151],[3358.75,0.886702],[3358.74,0.0001],[3358.73,0.0711],[3358.7,2.354],[3358.66,0.029778],[3358.65,0.159],[3358.64,0.001725],[3358.62,0.0001],[3358.61,0.029778],[3358.6,0.159],[3358.56,0.029879],[3358.54,2.999098],[3358.53,0.001543],[3358.5,0.1513],[3358.45,0.151],[3358.44,0.02988],[3358.43,0.001675]],"asks":[[3358.55,2.817819],[3358.58,2.97787],[3358.6,0.151],[3358.63,0.600906],[3358.65,0.151],[3358.66,2.022581],[3358.71,3.227317],[3358.75,0.151],[3358.76,0.600906],[3358.8,0.151],[3358.85,0.880071],[3358.86,0.012],[3358.9,0.151],[3358.91,0.124155],[3358.95,0.159],[3359.0,0.159],[3359.01,0.046268],[3359.02,0.193519]]},"raw":{}}
{"exchange":"okx","instance_id":"A","symbol":"ETH-USD","event_ts":1762350218.306,"seq":7218586494181377,"depth":{"last_seq":7218586494181377,"bids":[[3358.84,3.176986],[3358.8,0.151],[3358.75,0.886702],[3358.74,0.0001],[3358.73,0.0711],[3358.7,2.354],[3358.66,0.029778],[3358.65,0.159],[3358.64,0.001725],[3358.62,0.0001],[3358.61,0.029778],[3358.6,0.159],[3358.56,0.029879],[3358.54,2.998119],[3358.53,0.001543],[3358.5,0.1513],[3358.45,0.151],[3358.44,0.02988],[3358.43,0.001675]],"asks":[[3358.55,3.075704],[3358.58,2.97787],[3358.6,0.151],[3358.63,0.600906],[3358.65,0.151],[3358.66,2.32546],[3358.71,3.227317],[3358.75,0.151],[3358.76,0.600906],[3358.8,0.151],[3358.85,0.880071],[3358.86,0.012],[3358.9,0.151],[3358.91,0.124155],[3358.95,0.159],[3359.0,0.159],[3359.01,0.046268],[3359.02,0.193519]]},"raw":{}}
{"exchange":"okx","instance_id":"A","symbol":"ETH-USD","event_ts":1762350218.406,"seq":7218586494590977,"depth":{"last_seq":7218586494590977,"bids":[[3358.84,3.176986],[3358.8,0.151],[3358.75,0.886702],[3358.74,0.0001],[3358.73,0.0711],[3358.7,2.354],[3358.66,0.029778],[3358.65,0.159],[3358.64,0.001725],[3358.62,0.0001],[3358.61,0.029778],[3358.6,0.159],[3358.56,0.029879],[3358.54,0.073119],[3358.53,0.001543],[3358.5,0.1513],[3358.45,0.151],[3358.44,0.02988],[3358.43,0.001675]],"asks":[[3358.55,3.53755],[3358.58,2.97787],[3358.6,0.151],[3358.63,0.600906],[3358.65,0.151],[3358.66,1.724554],[3358.71,3.227317],[3358.75,0.151],[3358.76,0.600906],[3358.8,0.151],[3358.85,0.880071],[3358.86,0.012],[3358.9,0.151],[3358.91,0.124155],[3358.95,0.159],[3359.0,0.159],[3359.01,0.046268],[3359.02,0.193519]]},"raw":{}}
{"exchange":"okx","instance_id":"A","symbol":"ETH-USD","event_ts":1762350218.506,"seq":7218586495000577,"depth":{"last_seq":7218586495000577,"bids":[[3358.84,3.176986],[3358.8,0.151],[3358.75,0.886702],[3358.74,0.0001],[3358.73,0.0711],[3358.7,2.354],[3358.66,0.029778],[3358.65,0.159],[3358.64,0.001725],[3358.62,0.0001],[3358.61,0.029778],[3358.6,0.159],[3358.56,0.029879],[3358.54,0.073119],[3358.53,0.001543],[3358.5,0.1513],[3358.45,0.151],[3358.44,0.030756],[3358.43,0.001675],[3358.4,0.006352]],"asks":[[3358.45,5.938038],[3358.46,0.600787],[3358.55,0.912633],[3358.58,2.97787],[3358.6,0.151],[3358.63,0.600906],[3358.65,0.151],[3358.66,1.724554],[3358.71,3.227317],[3358.75,0.151],[3358.76,0.600906],[3358.8,0.151],[3358.85,0.880071],[3358.86,0.012],[3358.9,0.151],[3358.91,0.124155],[3358.95,0.159],[3359.0,0.159],[3359.01,0.046268],[3359.02,0.193519]]},"raw":{}}
{"exchange":"okx","instance_id":"A","symbol":"ETH-USD","event_ts":1762350218.606,"seq":7218586495410177,"depth":{"last_seq":7218586495410177,"bids":[[3358.84,3.176986],[3358.8,0.151],[3358.75,0.886702],[3358.74,0.0001],[3358.73,0.0711],[3358.7,2.354],[3358.66,0.029778],[3358.65,0.159],[3358.64,0.001725],[3358.62,0.0001],[3358.61,0.029778],[3358.6,0.159],[3358.56,0.029879],[3358.54,0.073119],[3358.53,0.001543],[3358.5,0.1513],[3358.45,0.151],[3358.44,0.030756],[3358.43,0.001675],[3358.4,0.006352]],"asks":[[3358.04,2.658701],[3358.17,2.325506],[3358.29,0.600702],[3358.3,0.143],[3358.35,0.143],[3358.45,5.938038],[3358.46,0.600787],[3358.55,0.912633],[3358.58,2.97787],[3358.6,0.151],[3358.63,0.600906],[3358.65,0.151],[3358.66,1.724554],[3358.71,3.227317],[3358.75,0.151],[3358.76,0.600906],[3358.8,0.151],[3358.85,0.880071],[3358.86,0.012],[3358.9,0.151]]},"raw":{}}
{"exchange":"okx","instance_id":"A","symbol":"ETH-USD","event_ts":1762350218.706,"seq":7218586495819777,"depth":{"last_seq":7218586495819777,"bids":[[3358.84,3.176986],[3358.8,0.151],[3358.75,0.886702],[3358.74,0.0001],[3358.73,0.0711],[3358.7,2.354],[3358.66,0.029778],[3358.65,0.159],[3358.64,0.001725],[3358.62,0.0001],[3358.61,0.029778],[3358.6,0.159],[3358.56,0.029879],[3358.54,0.073119],[3358.53,0.001543],[3358.5,0.1513],[3358.45,0.151],[3358.44,0.030756],[3358.43,0.001675],[3358.4,0.006352]],"asks":[[3358.04,5.147438],[3358.17,0.600702],[3358.29,0.600702],[3358.3,0.143],[3358.35,0.143],[3358.45,5.938038],[3358.46,0.600787],[3358.55,0.912633],[3358.58,2.97787],[3358.6,0.151],[3358.63,0.600906],[3358.65,0.151],[3358.66,1.724554],[3358.71,3.227317],[3358.75,0.151],[3358.76,0.600906],[3358.8,0.151],[3358.85,0.880071],[3358.86,0.012],[3358.9,0.151]]},"raw":{}}
{"exchange":"okx","instance_id":"A","symbol":"ETH-USD","event_ts":1762350218.806,"seq":7218586496229377,"depth":{"last_seq":7218586496229377,"bids":[[3358.84,3.176986],[3358.8,0.151],[3358.75,0.886702],[3358.74,0.0001],[3358.73,0.0711],[3358.7,2.354],[3358.66,0.029778],[3358.65,0.159],[3358.64,0.001725],[3358.62,0.0001],[3358.61,0.029778],[3358.6,0.159],[3358.56,0.029879],[3358.54,0.073119],[3358.53,0.001543],[3358.5,0.1513],[3358.45,0.151],[3358.44,0.030756],[3358.43,0.001675],[3358.4,0.006352]],"asks":[[3358.04,3.422568],[3358.05,0.143],[3358.17,2.325507],[3358.29,0.600702],[3358.3,0.143],[3358.35,0.143],[3358.45,5.938038],[3358.46,0.600787],[3358.55,0.912633],[3358.58,2.97787],[3358.6,0.151],[3358.63,0.600906],[3358.65,0.151],[3358.66,1.724554],[3358.71,3.227317],[3358.75,0.151],[3358.76,0.600906],[3358.8,0.151],[3358.85,0.880071],[3358.86,0.012]]},"raw":{}}
{"exchange":"okx","instance_id":"A","symbol":"ETH-USD","event_ts":1762350219.006,"seq":7218586497048577,"depth":{"last_seq":7218586497048577,"bids":[[3358.84,3.176986],[3358.8,0.151],[3358.75,0.886702],[3358.74,0.0001],[3358.73,0.0711],[3358.7,2.354],[3358.66,0.029778],[3358.65,0.159],[3358.64,0.001725],[3358.62,0.0001],[3358.61,0.029778],[3358.6,0.159],[3358.56,0.029879],[3358.54,0.073119],[3358.53,0.001543],[3358.5,0.1513],[3358.45,0.151],[3358.44,0.030756],[3358.43,0.001675],[3358.4,0.006352]],"asks":[[3357.87,1.914986],[3358.04,0.160849],[3358.05,0.143],[3358.17,2.325507],[3358.29,0.600702],[3358.3,0.143],[3358.35,0.143],[3358.45,5.938038],[3358.46,0.600787],[3358.55,0.912633],[3358.58,2.97787],[3358.6,0.151],[3358.63,0.600906],[3358.65,0.151],[3358.66,1.724554],[3358.71,3.227317],[3358.75,0.151],[3358.76,0.600906],[3358.8,0.151],[3358.85,0.880071]]},"raw":{}}
{"exchange":"okx","instance_id":"A","symbol":"ETH-USD","event_ts":1762350219.106,"seq":7218586497458177,"depth":{"last_seq":7218586497458177,"bids":[[3358.84,3.176986],[3358.8,0.151],[3358.75,0.886702],[3358.74,0.0001],[3358.73,0.0711],[3358.7,2.354],[3358.66,0.029778],[3358.65,0.159],[3358.64,0.001725],[3358.62,0.0001],[3358.61,0.029778],[3358.6,0.159],[3358.56,0.029879],[3358.54,0.073119],[3358.53,0.001543],[3358.5,0.1513],[3358.45,0.151],[3358.44,0.030756],[3358.43,0.001675],[3358.4,0.006352]],"asks":[[3357.87,1.914986],[3357.9,0.143],[3358.04,0.160849],[3358.05,0.143],[3358.17,2.325507],[3358.29,0.600702],[3358.3,0.143],[3358.35,0.143],[3358.45,5.938038],[3358.46,0.600787],[3358.55,0.912633],[3358.58,2.97787],[3358.6,0.151],[3358.63,0.600906],[3358.65,0.151],[3358.66,1.724554],[3358.71,3.227317],[3358.75,0.151],[3358.76,0.600906],[3358.8,0.151]]},"raw":{}}
{"exchange":"okx","instance_id":"A","symbol":"ETH-USD","event_ts":1762350219.206,"seq":7218586497867777,"depth":{"last_seq":7218586497867777,"bids":[[3358.84,3.176986],[3358.8,0.151],[3358.75,0.886702],[3358.74,0.0001],[3358.73,0.0711],[3358.7,2.354],[3358.66,0.029778],[3358.65,0.159],[3358.64,0.001725],[3358.62,0.0001],[3358.61,0.029778],[3358.6,0.159],[3358.56,0.029879],[3358.54,0.073119],[3358.53,0.001543],[3358.5,0.1513],[3358.45,0.151],[3358.44,0.030756],[3358.43,0.001675],[3358.4,0.006352]],"asks":[[3357.87,1.914986],[3357.9,0.143],[3357.95,0.143],[3358.0,0.143],[3358.04,0.160849],[3358.05,0.143],[3358.17,2.325507],[3358.29,0.600702],[3358.3,0.143],[3358.35,0.143],[3358.45,5.938038],[3358.46,0.600787],[3358.55,0.912633],[3358.58,2.97787],[3358.6,0.151],[3358.63,0.600906],[3358.65,0.151],[3358.66,1.724554],[3358.71,3.227317],[3358.75,0.151]]},"raw":{}}
{"exchange":"okx","instance_id":"A","symbol":"ETH-USD","event_ts":1762350219.306,"seq":7218586498277377,"depth":{"last_seq":7218586498277377,"bids":[[3358.84,3.176986],[3358.8,0.151],[3358.75,0.886702],[3358.74,0.0001],[3358.73,0.0711],[3358.7,2.354],[3358.66,0.029778],[3358.65,0.159],[3358.64,0.001725],[3358.62,0.0001],[3358.61,0.029778],[3358.6,0.159],[3358.56,0.029879],[3358.54,0.073119],[3358.53,0.001543],[3358.5,0.1513],[3358.45,0.151],[3358.44,0.030756],[3358.43,0.001675],[3358.4,0.006352]],"asks":[[3357.87,1.914986],[3357.9,0.673787],[3357.95,0.143],[3358.0,0.143],[3358.04,0.160849],[3358.05,0.143],[3358.17,2.325507],[3358.29,0.600702],[3358.3,0.143],[3358.33,0.384985],[3358.34,0.384835],[3358.35,0.143],[3358.4,0.724561],[3358.41,2.97787],[3358.45,5.938038],[3358.46,0.600787],[3358.55,0.912633],[3358.58,2.97787],[3358.6,0.151],[3358.63,0.600906]]},"raw":{}}
{"exchange":"okx","instance_id":"A","symbol":"ETH-USD","event_ts":1762350219.406,"seq":7218586498686977,"depth":{"last_seq":7218586498686977,"bids":[[3358.84,3.176986],[3358.8,0.151],[3358.75,0.886702],[3358.74,0.0001],[3358.73,0.0711],[3358.7,2.354],[3358.66,0.029778],[3358.65,0.159],[3358.64,0.001725],[3358.62,0.0001],[3358.61,0.029778],[3358.6,0.159],[3358.56,0.029879],[3358.54,0.073119],[3358.53,0.001543],[3358.5,0.1513],[3358.45,0.151],[3358.44,0.030756],[3358.43,0.001675],[3358.4,0.006352]],"asks":[[3357.87,1.914986],[3357.9,0.818214],[3357.95,0.143],[3358.0,0.143],[3358.04,0.160849],[3358.05,0.143],[3358.17,2.325507],[3358.29,0.600702],[3358.3,0.143],[3358.32,0.046268],[3358.33,0.00015],[3358.34,0.384835],[3358.35,0.475],[3358.4,0.006202],[3358.41,2.97787],[3358.45,5.938038],[3358.46,0.600787],[3358.55,0.912633],[3358.58,2.97787],[3358.6,0.151]]},"raw":{}}
{"exchange":"okx","instance_id":"A","symbol":"ETH-USD","event_ts":1762350219.506,"seq":7218586499096577,"depth":{"last_seq":7218586499096577,"bids":[[3358.84,3.176986],[3358.8,0.151],[3358.75,0.886702],[3358.74,0.0001],[3358.73,0.0711],[3358.7,2.354],[3358.66,0.029778],[3358.65,0.159],[3358.64,0.001725],[3358.62,0.0001],[3358.61,0.029778],[3358.6,0.159],[3358.56,0.029879],[3358.54,0.073119],[3358.53,0.001543],[3358.5,0.1513],[3358.45,0.151],[3358.44,0.030756],[3358.43,0.001675],[3358.4,0.006352]],"asks":[[3357.87,1.914986],[3357.9,0.144427],[3357.95,0.143],[3358.0,0.143],[3358.04,0.160849],[3358.05,0.143],[3358.17,2.325507],[3358.29,0.600702],[3358.3,0.143],[3358.32,0.046268],[3358.33,0.00015],[3358.34,0.384835],[3358.35,0.475],[3358.4,0.006202],[3358.41,2.97787],[3358.45,5.938038],[3358.46,0.600787],[3358.55,0.912633],[3358.58,2.97787],[3358.6,0.151]]},"raw":{}}
{"exchange":"okx","instance_id":"A","symbol":"ETH-USD","event_ts":1762350219.606,"seq":7218586499506177,"depth":{"last_seq":7218586499506177,"bids":[[3358.84,3.176986],[3358.8,0.151],[3358.75,0.886702],[3358.74,0.0001],[3358.73,0.0711],[3358.7,2.354],[3358.66,0.029778],[3358.65,0.159],[3358.64,0.001725],[3358.62,0.0001],[3358.61,0.029778],[3358.6,0.159],[3358.56,0.029879],[3358.54,0.073119],[3358.53,0.001543],[3358.5,0.1513],[3358.45,0.151],[3358.44,0.030756],[3358.43,0.001675],[3358.4,0.006352]],"asks":[[3357.87,1.914986],[3357.9,0.144427],[3357.95,0.143],[3358.0,0.143],[3358.04,0.160849],[3358.05,0.143],[3358.16,1.724809],[3358.17,2.325507],[3358.29,0.600702],[3358.3,0.143],[3358.32,0.046268],[3358.33,0.00015],[3358.34,0.384835],[3358.35,0.475],[3358.4,0.006202],[3358.41,2.97787],[3358.45,5.938038],[3358.46,0.600787],[3358.55,0.912633],[3358.58,2.97787]]},"raw":{}}
{"exchange":"okx","instance_id":"A","symbol":"ETH-USD","event_ts":1762350219.706,"seq":7218586499915777,"depth":{"last_seq":7218586499915777,"bids":[[3358.84,3.176986],[3358.8,0.151],[3358.75,0.886702],[3358.74,0.0001],[3358.73,0.0711],[3358.7,2.354],[3358.66,0.029778],[3358.65,0.159],[3358.64,0.001725],[3358.62,0.0001],[3358.61,0.029778],[3358.6,0.159],[3358.56,0.029879],[3358.54,0.073119],[3358.53,0.001543],[3358.5,0.1513],[3358.45,0.151],[3358.44,0.030756],[3358.43,0.001675],[3358.4,0.006352]],"asks":[[3357.87,1.914986],[3357.9,0.144427],[3357.95,0.143],[3358.0,0.143],[3358.04,0.160849],[3358.05,0.143],[3358.15,0.046268],[3358.16,1.724809],[3358.17,2.325507],[3358.29,0.600702],[3358.3,1.473073],[3358.32,0.046268],[3358.33,0.00015],[3358.34,0.384835],[3358.35,0.475],[3358.4,0.006202],[3358.41,2.97787],[3358.45,5.938038],[3358.46,0.600787],[3358.55,0.912633]]},"raw":{}}
{"exchange":"okx","instance_id":"A","symbol":"ETH-USD","event_ts":1762350219.806,"seq":7218586500325377,"depth":{"last_seq":7218586500325377,"bids":[[3358.84,3.176986],[3358.8,0.151],[3358.75,0.886702],[3358.74,0.0001],[3358.73,0.0711],[3358.7,2.354],[3358.66,0.029778],[3358.65,0.159],[3358.64,0.001725],[3358.62,0.0001],[3358.61,0.029778],[3358.6,0.159],[3358.56,0.029879],[3358.54,0.073119],[3358.53,0.001543],[3358.5,0.1513],[3358.45,0.151],[3358.44,0.030756],[3358.43,0.001675],[3358.4,0.006352]],"asks":[[3357.87,1.914986],[3357.9,0.144427],[3357.95,0.143],[3358.0,0.143],[3358.04,0.160849],[3358.05,0.143],[3358.15,0.046268],[3358.16,1.724809],[3358.17,2.325507],[3358.29,0.046268],[3358.3,1.473073],[3358.31,1.473067],[3358.32,0.046268],[3358.33,0.00015],[3358.34,0.384835],[3358.35,0.475],[3358.4,0.006202],[3358.41,2.97787],[3358.45,5.938038],[3358.46,0.600787]]},"raw":{}}
{"exchange":"okx","instance_id":"A","symbol":"ETH-USD","event_ts":1762350219.906,"seq":7218586500734977,"depth":{"last_seq":7218586500734977,"bids":[[3358.84,3.176986],[3358.8,0.151],[3358.75,0.886702],[3358.74,0.0001],[3358.73,0.0711],[3358.7,2.354],[3358.66,0.029778],[3358.65,0.159],[3358.64,0.001725],[3358.62,0.0001],[3358.61,0.029778],[3358.6,0.159],[3358.56,0.029879],[3358.54,0.073119],[3358.53,0.001543],[3358.5,0.1513],[3358.45,0.151],[3358.44,0.030756],[3358.43,0.001675],[3358.4,0.006352]],"asks":[[3357.87,1.914986],[3357.9,0.144427],[3357.95,0.143],[3358.0,0.143],[3358.04,0.160849],[3358.05,0.143],[3358.15,0.046268],[3358.16,1.724809],[3358.17,2.325507],[3358.29,0.048584],[3358.3,1.473073],[3358.31,1.473067],[3358.32,0.046268],[3358.33,0.00015],[3358.34,0.384835],[3358.35,0.475],[3358.4,0.006202],[3358.41,2.97787],[3358.45,5.938038],[3358.46,0.600787]]},"raw":{}}
{"exchange":"okx","instance_id":"A","symbol":"ETH-USD","event_ts":1762350220.006,"seq":7218586501144577,"depth":{"last_seq":7218586501144577,"bids":[[3358.84,3.176986],[3358.8,0.151],[3358.75,0.886702],[3358.74,0.0001],[3358.73,0.0711],[3358.7,2.354],[3358.66,0.029778],[3358.65,0.159],[3358.64,0.001725],[3358.62,0.0001],[3358.61,0.029778],[3358.6,0.159],[3358.56,0.029879],[3358.54,0.073119],[3358.53,0.001543],[3358.5,0.1513],[3358.45,0.151],[3358.44,0.030756],[3358.43,0.001675],[3358.4,0.006352]],"asks":[[3357.87,1.914986],[3357.9,0.144427],[3357.95,0.143],[3358.0,0.143],[3358.04,0.160849],[3358.05,0.143],[3358.15,0.046268],[3358.16,1.724809],[3358.17,2.325507],[3358.29,0.048584],[3358.3,1.473073],[3358.31,1.473067],[3358.32,0.046268],[3358.33,0.00015],[3358.34,0.384835],[3358.35,0.475],[3358.4,1.19676],[3358.41,2.97787],[3358.45,5.938038],[3358.46,0.600787]]},"raw":{}}
{"exchange":"okx","instance_id":"A","symbol":"ETH-USD","event_ts":1762350220.106,"seq":7218586501554177,"depth":{"last_seq":7218586501554177,"bids":[[3358.84,3.176986],[3358.8,0.151],[3358.75,0.886702],[3358.74,0.0001],[3358.73,0.0711],[3358.7,2.354],[3358.66,0.029778],[3358.65,0.159],[3358.64,0.001725],[3358.62,0.0001],[3358.61,0.029778],[3358.6,0.159],[3358.56,0.029879],[3358.54,0.073119],[3358.53,0.001543],[3358.5,0.1513],[3358.45,0.151],[3358.44,0.030756],[3358.43,0.001675],[3358.4,0.006352]],"asks":[[3357.87,1.914986],[3357.9,0.144427],[3357.95,0.143],[3358.0,0.143],[3358.04,0.160849],[3358.05,0.143],[3358.15,0.046268],[3358.16,1.724809],[3358.17,2.325507],[3358.29,0.048584],[3358.3,1.473073],[3358.31,1.473067],[3358.32,0.046268],[3358.33,0.00015],[3358.34,0.384835],[3358.35,0.475],[3358.4,2.618925],[3358.41,2.97787],[3358.45,5.938038],[3358.46,0.600787]]},"raw":{}}
{"exchange":"okx","instance_id":"A","symbol":"ETH-USD","event_ts":1762350220.206,"seq":7218586501963777,"depth":{"last_seq":7218586501963777,"bids":[[3358.84,3.176986],[3358.8,0.151],[3358.75,0.886702],[3358.74,0.0001],[3358.73,0.0711],[3358.7,2.354],[3358.66,0.029778],[3358.65,0.159],[3358.64,0.001725],[3358.62,0.0001],[3358.61,0.029778],[3358.6,0.159],[3358.56,0.029879],[3358.54,0.073119],[3358.53,0.001543],[3358.5,0.1513],[3358.45,0.151],[3358.44,0.030756],[3358.43,0.001675],[3358.4,0.006352]],"asks":[[3357.87,1.914986],[3357.9,0.144427],[3357.95,0.143],[3358.0,0.143],[3358.04,0.160849],[3358.05,0.143],[3358.15,0.046268],[3358.16,1.724809],[3358.17,2.325507],[3358.29,0.048584],[3358.3,1.473073],[3358.31,1.473067],[3358.32,0.046268],[3358.33,0.00015],[3358.34,0.384835],[3358.35,0.475],[3358.4,0.508391],[3358.41,2.97787],[3358.45,5.938038],[3358.46,0.600787]]},"raw":{}}
{"exchange":"okx","instance_id":"A","symbol":"ETH-USD","event_ts":1762350220.306,"seq":7218586502373377,"depth":{"last_seq":7218586502373377,"bids":[[3358.84,3.176986],[3358.8,0.151],[3358.75,0.886702],[3358.74,0.0001],[3358.73,0.0711],[3358.7,2.354],[3358.66,0.029778],[3358.65,0.159],[3358.64,0.001725],[3358.62,0.0001],[3358.61,0.029778],[3358.6,0.159],[3358.56,0.029879],[3358.54,0.073119],[3358.53,0.001543],[3358.5,0.1513],[3358.45,0.151],[3358.44,0.030756],[3358.43,0.001675],[3358.4,0.006352]],"asks":[[3357.87,1.914986],[3357.9,0.144427],[3357.95,0.143],[3358.0,0.143],[3358.04,0.160849],[3358.05,0.143],[3358.15,0.046268],[3358.16,1.724809],[3358.17,2.325507],[3358.29,0.048584],[3358.3,1.473073],[3358.31,1.473067],[3358.32,0.046268],[3358.33,0.00015],[3358.34,0.384835],[3358.35,0.475],[3358.4,1.51847],[3358.41,2.97787],[3358.45,5.938038],[3358.46,0.600787]]},"raw":{}}
{"exchange":"okx","instance_id":"A","symbol":"ETH-USD","event_ts":1762350220.406,"seq":7218586502782977,"depth":{"last_seq":7218586502782977,"bids":[[3358.84,3.176986],[3358.8,0.151],[3358.75,0.886702],[3358.74,0.0001],[3358.73,0.0711],[3358.7,2.354],[3358.66,0.029778],[3358.65,0.159],[3358.64,0.001725],[3358.62,0.0001],[3358.61,0.029778],[3358.6,0.159],[3358.56,0.029879],[3358.54,0.073119],[3358.53,0.001543],[3358.5,0.1513],[3358.45,0.151],[3358.44,0.030756],[3358.43,0.001675],[3358.4,0.006352]],"asks":[[3357.87,1.914986],[3357.9,0.144427],[3357.95,0.143],[3358.0,0.143],[3358.04,0.160849],[3358.05,0.143],[3358.15,0.046268],[3358.16,1.724809],[3358.17,2.325507],[3358.26,0.002316],[3358.29,0.048584],[3358.3,1.473073],[3358.31,1.473067],[3358.32,0.046268],[3358.33,0.00015],[3358.34,0.384835],[3358.35,0.475],[3358.4,0.11673],[3358.41,2.97787],[3358.45,5.938038]]},"raw":{}}
{"exchange":"okx","instance_id":"A","symbol":"ETH-USD","event_ts":1762350220.506,"seq":7218586503192577,"depth":{"last_seq":7218586503192577,"bids":[[3358.84,3.176986],[3358.8,0.151],[3358.75,0.886702],[3358.74,0.0001],[3358.73,0.0711],[3358.7,2.354],[3358.66,0.029778],[3358.65,0.159],[3358.64,0.001725],[3358.62,0.0001],[3358.61,0.029778],[3358.6,0.159],[3358.56,0.029879],[3358.54,0.073119],[3358.53,0.001543],[3358.5,0.1513],[3358.45,0.151],[3358.44,0.030756],[3358.43,0.001675],[3358.4,0.006352]],"asks":[[3357.87,1.914986],[3357.9,0.144427],[3357.95,0.143],[3358.0,0.143],[3358.04,0.160849],[3358.05,0.143],[3358.15,0.046268],[3358.16,1.724809],[3358.17,2.325507],[3358.26,2.048278],[3358.29,0.048584],[3358.3,1.473073],[3358.31,1.473067],[3358.32,0.046268],[3358.33,0.00015],[3358.34,0.384835],[3358.35,0.475],[3358.4,0.11673],[3358.41,2.97787],[3358.45,5.938038]]},"raw":{}}
{"exchange":"okx","instance_id":"A","symbol":"ETH-USD","event_ts":1762350220.606,"seq":7218586503602177,"depth":{"last_seq":7218586503602177,"bids":[[3358.84,3.176986],[3358.8,0.151],[3358.75,0.886702],[3358.74,0.0001],[3358.73,0.0711],[3358.7,2.354],[3358.66,0.029778],[3358.65,0.159],[3358.64,0.001725],[3358.62,0.0001],[3358.61,0.029778],[3358.6,0.159],[3358.56,0.029879],[3358.54,0.073119],[3358.53,0.001543],[3358.5,0.1513],[3358.45,0.151],[3358.44,0.030756],[3358.43,0.001675],[3358.4,0.006352]],"asks":[[3357.87,1.914986],[3357.9,0.144427],[3357.95,0.143],[3358.0,0.143],[3358.04,0.160849],[3358.05,0.143],[3358.15,0.046268],[3358.16,1.724809],[3358.17,2.325507],[3358.21,0.3008],[3358.26,2.738744],[3358.29,0.048584],[3358.3,1.473073],[3358.31,1.473067],[3358.32,0.046268],[3358.33,0.00015],[3358.34,0.384835],[3358.35,0.475],[3358.4,0.11673],[3358.41,2.97787]]},"raw":{}}
{"exchange":"okx","instance_id":"A","symbol":"ETH-USD","event_ts":1762350220.706,"seq":7218586504011777,"depth":{"last_seq":7218586504011777,"bids":[[3358.84,3.176986],[3358.8,0.151],[3358.75,0.886702],[3358.74,0.0001],[3358.73,0.0711],[3358.7,2.354],[3358.66,0.029778],[3358.65,0.159],[3358.64,0.001725],[3358.62,0.0001],[3358.61,0.029778],[3358.6,0.159],[3358.56,0.029879],[3358.54,0.073119],[3358.53,0.001543],[3358.5,0.1513],[3358.45,0.151],[3358.44,0.030756],[3358.43,0.001675],[3358.4,0.006352]],"asks":[[3357.87,1.914986],[3357.9,0.144427],[3357.95,0.143],[3358.0,0.143],[3358.04,0.160849],[3358.05,0.143],[3358.15,0.046268],[3358.16,1.724809],[3358.17,2.325507],[3358.21,4.241929],[3358.26,2.738744],[3358.29,0.048584],[3358.3,1.473073],[3358.31,1.473067],[3358.32,0.046268],[3358.33,0.00015],[3358.34,0.384835],[3358.35,0.475],[3358.4,0.11673],[3358.41,2.97787]]},"raw":{}}
{"exchange":"okx","instance_id":"A","symbol":"ETH-USD","event_ts":1762350220.806,"seq":7218586504421377,"depth":{"last_seq":7218586504421377,"bids":[[3358.84,3.176986],[3358.8,0.151],[3358.75,0.886702],[3358.74,0.0001],[3358.73,0.0711],[3358.7,2.354],[3358.66,0.029778],[3358.65,0.159],[3358.64,0.001725],[3358.62,0.0001],[3358.61,0.029778],[3358.6,0.159],[3358.56,0.029879],[3358.54,0.073119],[3358.53,0.001543],[3358.5,0.1513],[3358.45,0.151],[3358.44,0.030756],[3358.43,0.001675],[3358.4,0.006352]],"asks":[[3357.87,1.914986],[3357.9,0.144427],[3357.95,0.143],[3358.0,0.143],[3358.04,0.160849],[3358.05,0.143],[3358.06,4.353132],[3358.15,0.046268],[3358.16,1.724809],[3358.17,2.325507],[3358.21,4.241929],[3358.26,2.738744],[3358.29,0.048584],[3358.3,1.473073],[3358.31,1.473067],[3358.32,0.046268],[3358.33,0.00015],[3358.34,0.384835],[3358.35,0.475],[3358.4,0.877548]]},"raw":{}}
